2074 3392
167 547 222 588 96

167 818 221 858 97

167 1156 220 1197 98

165 1429 218 1469 99

138 1771 217 1810 100

256 160 336 197 158
692 161 855 206 ANTIQ.
881 161 978 197 IUD.
1002 161 1126 198 xvm
1149 165 1306 199 95-100
1333 166 1434 205 (uns.
1450 165 1482 206 4)

254 270 402 330 ράρχῳ
432 275 505 316 καὶ
535 271 675 317 ὁπότε
707 275 798 317 δέοι
833 276 1044 330 χρῆσθαι.
1103 276 1175 318 καὶ
1205 278 1345 319 ταῦτα
1384 275 1558 331 πράξας
1590 275 1666 321 ἐπὶ
1698 272 1924 336 εὐεργεσίᾳ

253 343 334 384 τοῦ
364 341 526 391 ἔθνους
555 343 627 384 καὶ
663 341 740 385 τὸν
781 337 984 397 άρχιερέα
1009 337 1226 400 Ἰώσηπον
1265 342 1343 386 τὸν
1373 343 1589 401 Καϊάφαν
1629 343 1923 400 ἐπικαλούμε-

255 425 328 452 νον
372 404 634 460 ἀπαλλάξας
671 411 748 468 τῆς
791 408 1028 466 ἱερωσύνης
1060 404 1275 468 Ἰωνάθην
1314 414 1583 468 καθίστησιν
1615 406 1805 456 ’,κίνάνου
1843 415 1924 456 τοῦ

255 471 491 532 ἆρχιερέως
521 476 631 520 υἱόν.
692 472 767 520 ἐπ’
798 472 1074 530 Ἀντιοχείας
1106 473 1148 519 δ’
1185 469 1320 529 αὖθις
1351 477 1548 522 ἐποιεῖτο
1579 477 1657 536 τὴν
1688 477 1807 523 ὁδόν.

367 549 406 587 4.
465 547 647 599 Πέμπει
679 545 725 588 δὲ
755 546 828 587 καὶ
857 547 1062 600 Τιβέριος
1088 541 1148 596 ὥς
1177 541 1434 590 Οὖιτέλλιον
1453 546 1704 603 γράμματα,
1735 546 1923 590 κελεύων

254 606 375 668 αύτῷ
405 612 625 668 πράσσειν
648 613 803 670 φιλίαν
825 610 939 664 πρὸς
954 606 1231 669 Ἀρτάβανον
1252 612 1328 657 τὸν
1350 613 1554 668 Πάρθων
1573 615 1784 668 βασιλέα·
1816 613 1924 672 ἐφό-

250 683 321 735 βει
360 679 442 737 γὰρ
485 676 618 723 αὐτὸν
655 678 816 735 ἐχθρὸς
855 672 916 721 ὢν
956 681 1029 722 καὶ
1056 676 1293 734 Ἀρμενίαν
1330 685 1708 737 παρεσπασμένος
1745 681 1804 738 μὴ
1847 681 1924 726 ἐπὶ

252 748 390 791 πλέον
411 750 647 803 κακουργῇ·
679 746 908 790 πιστεύειν
940 747 987 790 δὲ
1018 749 1072 804 τῇ
1103 749 1235 805 φιλίᾳ
1264 747 1410 802 μόνως
1441 747 1618 806 ὁμήρων
1651 745 1770 806 αῧτῶ
1802 749 1925 793 διδο-

251 819 415 870 μένων,
454 815 650 870 μάλιστα
689 815 735 857 δὲ
775 817 854 858 τοῦ
879 811 1158 871 Ἀρταβάνου
1189 816 1321 867 υἱέος.
1379 819 1518 859 ταῦτα
1550 817 1597 860 δὲ
1625 817 1810 875 γράφων
1845 823 1924 861 Τι-

250 886 401 938 βέριος
431 882 548 938 πρὸς
577 881 654 926 τὸν
693 878 950 926 Οἷίτέλλιον
981 882 1194 939 μεγάλαις
1215 882 1369 927 δόσεσι
1395 884 1630 942 χρημάτων
1661 888 1820 928 πείθει
1848 886 1925 928 καὶ

249 950 328 993 τὸν
352 946 530 1008 Ἰβήρων
559 952 633 993 καὶ
664 949 741 993 τὸν
767 946 997 1005 Ἀλβανῶν
1027 952 1216 1005 βασιλέα
1255 951 1467 1006 πολεμεῖν
1492 948 1755 1010 Ἀρταβάνῳ
1785 952 1922 1010 μηδὲν

251 1017 494 1062 ἐνδοιάσαι.
563 1018 605 1061 οἱ
645 1018 692 1061 δὲ
732 1014 858 1061 αὐτοὶ
895 1019 975 1073 μὲν
1014 1014 1232 1072 ἀντεῖχον,
1273 1014 1455 1063 Ἀλανοὶ
1496 1020 1543 1063 δὲ
1582 1021 1732 1064 δίοδον
1773 1015 1924 1072 αὐτοῖς

252 1085 448 1137 διδόντες
488 1085 562 1129 διὰ
603 1088 679 1144 τῆς
719 1081 862 1130 αὐτῶν
900 1088 975 1129 καὶ
1012 1085 1093 1137 τὰς
1133 1086 1278 1141 θύρας
1315 1086 1396 1138 τὰς
1426 1091 1638 1139 Κασπίας
1669 1084 1924 1140 ἀνοίξαντες

254 1150 470 1211 ἐπάγουσι
509 1156 572 1210 τῷ
601 1152 876 1211 Ἀρταβάνῳ.
936 1155 1009 1197 καὶ
1050 1149 1077 1211 ἤ
1114 1171 1162 1197 τε
1186 1149 1401 1210 Ἀρμενία
1440 1150 1641 1213 ἀφῄρητο
1683 1147 1819 1208 αὖθις
1848 1157 1924 1200 καὶ

251 1223 537 1279 πλησθείσης
566 1223 776 1276 πολέμων
808 1224 886 1280 τῆς
915 1225 1199 1277 Παρθυαίων
1229 1224 1306 1280 γῆς
1346 1222 1393 1265 οἵ
1420 1239 1467 1265 τε
1497 1225 1671 1279 πρῶτοι
1701 1226 1788 1266 τῶν
1818 1224 1925 1281 τῇδε

251 1289 493 1332 ἐκτείνοντο
527 1285 698 1346 ἀνδρῶν
731 1285 960 1332 άνάστατά
989 1306 1039 1332 τε
1067 1281 1120 1346 ἦν
1152 1285 1303 1341 αὐτοῖς
1333 1288 1388 1332 τὰ
1411 1289 1560 1333 πάντα
1589 1293 1662 1334 καὶ
1693 1294 1772 1334 τοῦ
1790 1295 1924 1347 βασι-

251 1357 360 1408 λέως
391 1354 413 1399 0‘
448 1355 544 1408 υἱὸς
575 1357 620 1400 ἐκ
649 1360 837 1401 τουτωνὶ
876 1359 964 1400 τῶν
1001 1359 1153 1412 μαχῶν
1193 1356 1327 1400 ἔπεσε
1363 1357 1475 1412 μετὰ
1514 1359 1695 1402 πολλῶν
1732 1361 1925 1414 στρατοῦ

248 1424 491 1480 μυριάδων.
551 1427 625 1468 καὶ
667 1421 801 1468 αὐτοῦ
838 1424 914 1468 τὸν
954 1428 1130 1481 πατέρα
1155 1421 1432 1481 Ἀρτάβανον
1469 1422 1725 1478 Οὐιτέλλιος
1759 1429 1924 1485 πομπῇ

246 1492 483 1550 χρημάτων
515 1492 579 1543 ε’ίς
607 1509 655 1536 τε
687 1502 906 1549 συγγενεῖς
935 1495 1009 1536 καὶ
1040 1494 1199 1550 φίλους
1227 1492 1330 1544 τοὺς
1362 1492 1525 1537 ἐκείνου
1555 1498 1763 1553 γενομένῃ
1796 1494 1923 1550 ἐμέλ-

250 1561 355 1618 λησε
393 1561 473 1614 μὲν
510 1560 724 1604 κτιννύειν
763 1560 838 1604 διὰ
881 1568 968 1604 τιῦν
1007 1560 1063 1603 τὰ
1100 1561 1222 1616 δῶρα
1262 1560 1531 1619 εἰληφότων,
1572 1561 1846 1618 αἰσθόμενος
1876 1563 1925 1607 δὲ

247 1627 326 1685 τὴν
368 1627 609 1686 ἐπιβουλὴν
649 1627 671 1672 ὁ
710 1625 983 1685 ’.Αρτάβανος
1025 1625 1219 1686 ἄφυκτον
1258 1620 1394 1672 οὖσαν
1434 1629 1508 1673 διὰ
1538 1629 1586 1674 τὸ
1622 1628 1708 1674 ὕπὸ
1742 1631 1923 1675 πολλῶν

248 1698 322 1739 καὶ
352 1699 440 1739 τῶν
471 1697 662 1753 πρώτων
694 1693 866 1752 ἀνδρῶν
898 1701 1190 1740 συντεθεῖσαν
1219 1696 1277 1753 μὴ
1322 1693 1535 1742 ἀνεῖσθαι
1563 1701 1642 1742 τοῦ
1673 1697 1750 1743 ἐπὶ
1781 1701 1924 1755 πέρας

251 1763 423 1817 ἐλθεῖν,
462 1767 535 1808 καὶ
579 1765 766 1819 νο,ιιι’ζιυν
803 1767 875 1808 καὶ
917 1763 1090 1809 ὁπόσον
1134 1761 1252 1821 αὐτῷ
1290 1768 1502 1822 καθαρῶς
1540 1766 1814 1824 συνειστήκει
1849 1768 1924 1811 καὶ

248 1832 353 1876 τόδε
382 1830 482 1888 ἤτοι
515 1832 801 1890 ἐφθαρμένον
834 1832 909 1876 ἐπὶ
943 1833 1060 1888 δόλῳ
1091 1832 1170 1890 τὴν
1193 1830 1368 1876 εἴνοιαν
1390 1837 1752 1888 προσποιεῖσθαι
1773 1827 1801 1891 ἢ
1821 1838 1924 1878 πεί-

248 1917 328 1957 ρας
360 1897 479 1957 αὖτιῇ
509 1904 743 1957 γενομένης
773 1900 1107 1955 μετατάξεσθαι
1140 1901 1254 1954 πρὸς
1282 1899 1384 1951 τους
1416 1902 1825 1959 προαφεστηκότας,
1857 1902 1922 1954 ε’ίς

361 2024 764 2060 AMWELatZonaras
788 2024 805 2058 I
829 2036 864 2069 p.
892 2027 970 2058 484.
1019 2023 1110 2058 Exc.
1136 2023 1334 2058 Vrsiniana

365 2083 384 2115 2
410 2077 502 2117 *τὸν
528 2092 596 2116 om.
620 2080 707 2114 MW
803 2078 994 2125 Καϊάφαν]
1019 2081 1083 2115 καὶ
1108 2077 1277 2125 καιάφαν
1302 2080 1334 2114 Ε
1428 2083 1446 2114 3
1472 2076 1638 2129 Ἀνάνου]
1662 2091 1782 2116 annae
1804 2081 1877 2117 Lat

246 2141 267 2172 4
292 2133 511 2183 άντιόχειαν
534 2138 567 2171 A
592 2132 773 2182 άντιόχου
797 2137 830 2172 Ε
923 2136 961 2172 δὲ
986 2135 1018 2170 Ε
1110 2142 1273 2172 ποιεῖται
1298 2136 1330 2170 Ε
1425 2140 1443 2170 5
1469 2137 1492 2171 i.
1517 2147 1628 2181 marg.
1654 2135 1785 2172 XIIII
1806 2138 1876 2174 Lat

245 2194 356 2238 incip.
383 2193 463 2230 Exc
566 2188 645 2235 *ὡς
669 2203 738 2228 om.
765 2192 812 2227 W
919 2187 1103 2228 οὖϊτέλιον
1127 2192 1160 2227 E
1267 2196 1283 2226 7
1310 2193 1333 2227 i.
1359 2203 1472 2236 marg.
1498 2206 1545 2240 γρ
1569 2190 1715 2240 ἐχθρὸν
1740 2191 1834 2230 ὄντα
1857 2197 1923 2232 καὶ

245 2246 432 2297 α’ρμενιάν
456 2250 780 2297 παρεσπασμένον
804 2251 836 2284 Α
931 2252 949 2283 S
975 2248 1025 2290 δὲ]
1051 2248 1092 2285 τὲ
1116 2249 1149 2283 Ε
1232 2247 1385 2294 *μόνοσ
1409 2250 1489 2285 Exc
1582 2253 1602 2285 9
1627 2251 1724 2287 *τοῦ
1741 2270 1784 2276 -
1809 2250 1922 2295 υἱέος]

673 2310 693 2331 0

244 2341 330 2365 suos
351 2331 451 2374 filios
466 2330 539 2365 Lat
606 2329 718 2366 υῖέωσ
744 2329 777 2364 Ε
801 2328 913 2365 υἱέωσ
929 2329 1010 2364 Exc
1081 2324 1176 2365 αὐτὰ
1199 2329 1231 2364 Ε
1307 2333 1345 2364 10
1365 2324 1550 2365 οὖϊτέλιον
1566 2329 1600 2363 Ε
1618 2325 1812 2366 οὗτέλλιον
1827 2330 1877 2365 W

244 2385 421 2433 μεγάλων
434 2387 466 2422 Ε
541 2390 576 2421 11
598 2383 706 2428 *τὸν]
728 2388 802 2422 τῶν
815 2386 863 2420 W
925 2384 1032 2427 *τὸν]
1051 2385 1189 2422 ‘quvW
1252 2381 1455 2433 Ἀλβανῶν]
1473 2382 1625 2422 α’λανῶν
1642 2385 1810 2421 MWExc
1824 2386 1923 2423 laba-

245 2455 373 2479 ποι-τινι
389 2444 461 2479 Lat
480 2439 660 2488 άλμανῶν
679 2442 712 2478 Ε
782 2441 906 2488 μηδὲν]
923 2442 1014 2488 μηδὲ
1034 2442 1148 2477 AExc
1171 2439 1219 2487 μὴ
1238 2442 1270 2476 Ε
1347 2445 1384 2477 12
1402 2440 1596 2479 *ἐνδυάσαι
1615 2442 1695 2478 Exc
1764 2439 1921 2486 Ἀλανοὶ]

244 2500 391 2546 scythas
409 2501 480 2536 Lat
497 2496 659 2544 α’λμιινοὶ
677 2499 708 2533 Ε
728 2494 892 2541 (Samot-g
908 2500 965 2534 ed.
983 2509 1038 2544 pr.
1058 2499 1104 2534 ef.
1123 2499 1206 2535 bell.
1225 2500 1304 2534 Iud.
1323 2499 1390 2533 VII
1410 2503 1440 2533 7.
1461 2503 1499 2542 ⁴3
1527 2499 1642 2534 Tacit.
1660 2509 1744 2534 ann.
1764 2499 1815 2535 VI
1832 2502 1874 2535 33

251 2561 287 2591 13
313 2555 473 2604 *θύραςΙ
497 2556 607 2602 pylas
631 2556 703 2591 Lat
772 2554 878 2598 *τὲις1
905 2558 974 2601 τῆσ
999 2555 1044 2588 W
1116 2558 1314 2592 *καππιάσ
1338 2556 1417 2590 Exc
1492 2559 1530 2590 15
1557 2556 1769 2601 *παρθέων
1793 2555 1872 2591 Exc

251 2616 287 2648 16
313 2609 511 2650 α’νάστατά
538 2616 591 2654 τε]
618 2609 763 2649 α’ναστά
790 2626 829 2649 τε
855 2616 919 2648 aut
936 2606 1149 2648 circmza'vu
1177 2617 1241 2648 aut
1265 2608 1462 2649 α’νάστατα
1487 2611 1699 2647 traditurin
1716 2612 1795 2647 Exc
1865 2609 1918 2650 *ὃ

246 2672 314 2706 τοῦ
330 2670 522 2718 βασιλέωσ
539 2669 624 2706 υὶὸσ
641 2673 684 2705 tr.
705 2669 742 2703 M
815 2673 852 2703 17
873 2671 1045 2711 τουτωνὶ]
1064 2666 1211 2706 τούτων
1228 2668 1351 2703 MWE
1420 2665 1572 2710 *ε’πεσε]
1590 2666 1728 2715 ἐπέστη
1745 2669 1920 2706 MWExc

244 2730 281 2762 et
297 2727 320 2761 i.
338 2738 448 2771 marg.
468 2729 500 2762 A
569 2729 753 2763 *πολλῶν
776 2736 821 2761 ex
839 2728 982 2761 πολλοῦ
1009 2737 1100 2761 corr.
1120 2727 1152 2760 A
1170 2728 1314 2761 πολλοῦ
1332 2724 1418 2759 MW
1427 2725 1505 2759 Exc
1581 2727 1619 2759 lS
1638 2720 1823 2761 οὖϊτέλιοσ
1841 2725 1874 2761 Ε

244 2786 418 2829 *πομπῇ1
437 2784 474 2820 δὲ
492 2786 626 2830 πομπῆ
644 2783 778 2818 WExc
854 2786 893 2817 19
911 2782 1117 2828 γενομένην
1134 2784 1166 2817 A
1235 2780 1390 2827 ἐμέλησε
1407 2780 1529 2815 MWE
1540 2781 1618 2815 Exc
1690 2783 1731 2816 20
1758 2781 1919 2818 *αἰσθα-

247 2837 412 2883 νόμενοσ
437 2840 614 2875 MWExc
685 2842 726 2874 22
752 2834 927 2875 α’νιέσθαι
952 2838 985 2873 Ε
1067 2841 1108 2873 25
1134 2835 1427 2882 μετατάξεσθαι]
1452 2837 1611 2872 Dindorf
1631 2835 1917 2881 1ιιετατοὶξοεοθῑιῑιι

245 2897 349 2931 codd.
370 2896 448 2930 Exn
519 2895 574 2939 εἴς
594 2910 628 2932 τι
646 2916 685 2920 -
709 2899 783 2938 159,
804 2900 816 2930 1
839 2898 1094 2941 σατραπειῶν]
1114 2895 1162 2929 ad
1177 2895 1386 2939 superiores
1401 2894 1587 2940 salrapias
1603 2894 1673 2928 Lat
1748 2907 1918 2941 προαφε-

245 2950 449 2998 στηκότασ,
470 2966 488 2988 ο
509 2957 602 2998 (post
621 2960 655 2997 ρ)
675 2964 701 2987 s.
721 2953 744 2986 i.
762 2963 832 2987 ras.
851 2954 882 2986 A
953 2950 1006 2994 εἴς
1023 2955 1070 2994 τι]
1093 2950 1153 2987 ἐπὶ
1172 2950 1258 2984 MW
1269 2950 1359 2993 Exc,
1377 2950 1399 2985 i.
1418 2960 1529 2995 marg.
1548 2964 1594 2996 γρ
1612 2947 1670 2985 Etr?
1691 2953 1768 2986 τῶν
1785 2949 1866 2988 ἄνω
1883 2952 1917 2987 Δ

1952 558 1974 591 υἱ

1955 896 1993 930 10

1954 1235 1998 1270 15,

1951 1914 1990 1948 25
