2074 3392
206 171 288 209 152
650 171 813 216 ANTIQ.
839 171 936 207 IUD.
961 172 1084 208 XVIII
1110 175 1242 208 63-δῖ
1267 175 1329 216 (111.
1347 180 1374 210 3.
1393 176 1424 217 4)

121 288 177 328 64
208 285 312 335 στὸς
342 281 470 335 οὗτος
500 283 564 340 ἢν.
623 287 698 328 καὶ
730 279 862 327 αὐτὸν
895 283 1075 336 ἐνδείξει
1104 288 1192 330 τῶν
1213 286 1404 343 πρώτων
1428 281 1599 341 ἀνδρῶν
1620 283 1730 343 παρ’
1764 285 1870 345 ἡμῖν

121 693 175 732 65

120 964 175 1004 66

120 1373 175 1413 67

207 354 383 409 σταυρῷ
405 348 768 410 ἐπιτετιμηκότος
788 351 991 395 Πιλάτου
1023 349 1099 396 οὖν.
1129 353 1381 397 ἐπαύσαντο
1413 354 1456 397 οἱ
1477 353 1527 396 τὸ
1551 357 1730 410 πρῶτον
1761 350 1870 412 ἆγα-

204 420 450 478 πήσαντες·
490 418 629 477 ἐφάνη
670 418 751 475 γὰρ
793 414 943 470 αὐτοῖς
980 423 1130 478 τρίτην
1161 421 1269 475 ἔχων
1300 419 1465 480 ἡμέραν
1495 421 1633 465 πάλιν
1670 421 1752 474 ζῶν
1781 425 1870 467 τῶν

204 491 348 531 θείων
378 489 624 545 προφητῶν
654 487 794 530 ταῦτά
823 503 872 530 τε
900 489 971 530 καὶ
1005 485 1119 531 ἄλλα
1147 494 1283 545 μυρία
1319 491 1424 545 περὶ
1464 485 1596 532 αὐτοῦ
1634 490 1871 545 θαυμάσια

206 554 457 613 εἰρηκότων.
518 555 580 606 εἷς
611 554 677 598 ἔτι
706 571 754 598 τε
784 556 858 596 νῦν
888 557 977 597 τῶν
1009 559 1292 612 Χριστιανῶν
1324 553 1414 600 άπὸ
1453 557 1582 600 τοῦδε
1613 552 1873 613 ὠνομασμέ-

205 640 280 667 νον
311 618 388 666 οὗκ
419 621 607 666 ἐπέλιπε
636 621 685 665 τὸ
715 621 884 679 φῦλον]

320 696 358 734 4.
419 693 510 734 Καὶ
548 687 636 733 ὑπὸ
676 689 780 740 τοὺς
819 686 978 740 αὖτοὺς
1013 690 1197 746 χρόνους
1235 691 1383 748 ἕτερον
1413 709 1457 736 τι
1488 691 1632 736 δεινὸν
1663 692 1872 750 ἐθορύβει

204 757 308 810 τούς
331 754 572 809 Ἰουδαίους
602 759 676 801 καὶ
708 759 812 813 περὶ
841 757 892 801 τὸ
932 758 1050 815 ἱερὸν
1079 760 1156 816 τῆς
1175 755 1338 810 Ἴσιδος
1366 758 1416 802 τὸ
1450 758 1494 803 ἐν
1519 757 1656 819 Ῥώμῃ
1688 761 1874 818 πράξεις

206 825 422 880 αἰσχυνῶν
444 822 520 869 οὐκ
542 821 877 883 ἀπηλλαγμέναι
901 826 1279 883 συντυγχάνουσιν.
1337 828 1409 870 καὶ
1441 827 1660 884 πρότερον
1687 831 1766 872 τοῦ
1786 831 1874 872 τῶν

198 889 397 937 Ισιακῶν
427 893 709 949 τολμήματος
738 893 911 951 ιινήμην
942 893 1245 951 ποιησάιιενος
1286 892 1399 937 οὕτω
1433 899 1662 951 μεταβιβῶ
1690 896 1767 940 τὸν
1799 897 1874 941 λό-
1932 948 1934 950 v

205 978 283 1017 γον
315 959 391 1004 ἐπὶ
421 959 477 1003 τὰ
509 960 554 1004 ἐν
582 970 678 1012 τοῖς
702 956 936 1012 >·Ιοιδαίοις
962 962 1188 1040 γεγονότα.
1249 963 1453 1006 Παιλῖνα
1483 962 1536 1020 ἠν
1565 966 1653 1007 τῶν
1680 963 1757 1007 ἐπὶ
1773 961 1875 1008 Ῥώ-

205 1045 291 1086 μης
321 1029 553 1085 προγόνων
583 1045 631 1072 τε
664 1024 887 1083 ἀξιώματι
915 1031 1004 1072 τῶν
1032 1026 1142 1072 καθ’
1179 1029 1334 1088 ἑαυτην
1366 1029 1672 1088 ἐπιτηδεύοντι
1709 1032 1875 1087 κόσμον

207 1093 364 1154 ἀρετῆς
395 1095 470 1140 επὶ
502 1100 657 1153 μέγα
645 1099 870 1152 προϊοῦσα
899 1099 963 1139 τῶ
993 1093 1193 1152 ὀνόματι,
1227 1097 1412 1152 δύναμίς
1440 1115 1490 1141 τε
1511 1095 1620 1157 αὕτη
1638 1099 1875 1158 χρημάτων

204 1163 256 1221 ἢν
286 1167 359 1208 καὶ
390 1174 594 1220 γεγονυῖα
632 1163 710 1220 τὴν
751 1161 861 1220 οψιν
901 1161 1127 1224 εἰπρεπὴς
1164 1167 1237 1209 καὶ
1278 1168 1356 1223 τῆς
1396 1161 1515 1223 ω’ρας
1545 1165 1590 1210 ἐν
1618 1171 1642 1209 1‘
1679 1168 1876 1223 μάλιστα

208 1228 475 1288 αγάλλονται
516 1250 558 1275 αι
599 1242 798 1288 γυναῖκες
838 1232 901 1284 εἷς
939 1251 988 1276 το
1030 1243 1278 1290 σωφρονεῖν
1310 1230 1505 1278 ἀνέκειτο
1537 1231 1562 1292 ἡ
1595 1234 1878 1294 ἐπιτήδευσις

204 1302 282 1344 τοῦ
311 1304 426 1355 βίου.
487 1299 727 1358 ἐγεγάμητο
767 1301 814 1344 δὲ
845 1305 1098 1358 Σατορνίνῳ
1137 1304 1225 1345 τῶν
1257 1301 1321 1353 εἷς
1349 1301 1405 1344 τὰ
1437 1302 1586 1345 πάντα
1617 1299 1878 1359 ἀντισουμέ-

207 1385 292 1410 νων
327 1370 391 1424 τῶ
432 1384 537 1424 περι
578 1364 714 1425 αυτὴν
755 1364 988 1426 ἆξιολόγω.
1048 1369 1210 1427 ταύτης
1250 1368 1328 1427 ἐρᾷ
1357 1373 1519 1421 Δέκιος
1548 1371 1761 1423 Μοῦνδος
1789 1374 1879 1415 τῶν

204 1435 307 1478 τότε
338 1436 516 1478 ἱππέων
548 1434 592 1479 ἐν
624 1431 845 1491 ἀξιώματι
875 1437 1074 1494 ιιεγάλῳ
1106 1439 1178 1480 καὶ
1210 1437 1391 1491 μείζονα
1423 1436 1560 1481 οὖσαν
1592 1436 1760 1482 ἁλῶναι
1792 1437 1879 1482 δώ-

206 1520 301 1558 ροις
332 1502 405 1547 διὰ
439 1503 488 1546 τὸ
521 1507 594 1548 καὶ
625 1508 929 1562 πεμφθέντων
961 1504 1024 1556 εἷς
1055 1507 1234 1563 πλῆθος
1265 1505 1531 1589 περιιδεῑν’
1513 1505 1676 1562 εξῆπτο
1697 1507 1879 1561 μᾶλλον,

316 1586 756 1651 AMWELatZonaras—
741 1615 758 1650 I
783 1627 816 1660 p
843 1619 919 1660 479,
945 1616 1172 1662 Hegesippus
1197 1616 1233 1651 11
1259 1620 1288 1651 4.

321 1675 336 1706 1
364 1673 472 1708 *τῶν
495 1692 539 1697 —
563 1668 662 1718 ημῖν]
695 1675 773 1708 τῶν
802 1669 900 1720 παρ’
930 1669 1018 1719 ἡμῖν
1050 1669 1252 1720 οἶρχόντων
1282 1673 1370 1709 Eus.
1395 1674 1488 1709 dem.
1628 1676 1647 1708 2
1673 1677 1758 1710 ante
1780 1670 1878 1712 *οὐκ

204 1728 226 1762 i.
243 1739 356 1773 marg.
382 1726 559 1776 σεβάζειν
583 1729 665 1764 add.
684 1741 730 1764 m.
750 1732 769 1764 2
786 1729 826 1765 Μ
897 1726 966 1766 οὐκ
989 1727 1246 1773 ἐξεπαύσαντο
1272 1729 1425 1766 Eusebii
1448 1741 1575 1776 praep.
1601 1731 1705 1766 codd.
1730 1731 1878 1776 plurimi

318 1782 408 1830 *τὸ]
433 1799 475 1832 γε
500 1785 638 1820 WExc
774 1789 942 1832 πρῶτον]
969 1789 1126 1830 πρῶτον
1151 1782 1270 1822 αὐτὸν
1293 1787 1366 1821 ΜΕ
1497 1790 1516 1821 3
1541 1783 1667 1833 *ἔχων
1691 1797 1759 1822 om.
1786 1787 1875 1823 Eus.

204 1841 296 1876 dem.
391 1845 411 1877 4
437 1846 504 1879 *τε
530 1853 597 1878 om.
623 1842 760 1878 WExc
863 1840 1088 1887 *θαυμάσια
1113 1845 1197 1889 περὶ
1224 1839 1342 1879 affro&
1365 1846 1410 1878 tr.
1436 1843 1613 1879 MWExc
1705 1841 1879 1888 *θαυμά-

204 1910 266 1933 σια
292 1909 360 1934 om.
386 1899 474 1934 Eus.
500 1900 591 1934 dem.
731 1903 750 1933 5
777 1899 828 1942 εἰς
852 1896 905 1936 ἔτι
932 1903 984 1941 τε]
1010 1899 1074 1934 ΕΒ
1100 1899 1235 1934 Euseb.
1261 1910 1385 1945 praep.
1421 1897 1478 1936 εἴσ
1502 1912 1544 1935 τε
1567 1899 1738 1934 AWExc
1763 1899 1876 1937 εἰσέτι

217 1942 259 1980 τὲ

202 1992 285 2031 καὶ,
315 1989 395 2026 σε’τι
419 1989 442 2024 i.
468 2001 539 2025 ras.
565 2001 611 2024 m.
638 1993 670 2032 2,
704 1990 743 2026 τὲ
776 2001 804 2025 s.
830 2001 875 2024 m.
903 1992 922 2023 2
948 1989 987 2024 Μ
1021 1983 1115 2026 ὅθεν
1147 1989 1257 2026 εἰσέτι
1292 1989 1378 2024 Eus.
1405 1990 1496 2026 dem.
1633 1985 1740 2026 *άπὸ
1766 1993 1876 2028 τοῦδε

203 2048 282 2081 τῶν
302 2049 534 2092 χριστιανῶν
557 2049 603 2081 tr.
630 2047 718 2081 Eus.
744 2047 835 2082 dem.
952 2048 1071 2087 *τῶν,
1096 2048 1150 2081 ῶν
1173 2046 1185 2080 i
1223 2056 1294 2081 ras.
1322 2056 1413 2081 corr.
1440 2047 1474 2081 A
1587 2041 1876 2091 ω’νομασμένον]

203 2097 488 2148 ὠνομασμένων
511 2103 727 2138 M²EExeB
752 2103 840 2138 Eus.
866 2114 1003 2149 praep„
1029 2113 1096 2138 om.
1123 2102 1212 2137 Eus.
1238 2103 1330 2138 dem.
1433 2105 1452 2136 6
1478 2100 1682 2139 *ἐπελείπε
1706 2103 1785 2138 Exc

206 2162 223 2193 ἵ
249 2162 269 2202 ξ
287 2162 330 2195 65
342 2162 420 2194 -80
446 2160 586 2205 recepit
609 2160 836 2206 Hegesippus
861 2160 896 2194 11
921 2163 952 2194 4.
1100 2161 1121 2193 i.
1147 2170 1258 2203 marg.
1285 2159 1327 2194 X
1343 2159 1415 2194 Lat
1561 2154 1710 2201 αὖτοὺς]
1735 2155 1878 2196 αὐτοὺσ

203 2215 242 2252 δὲ
266 2215 300 2251 Ε
404 2218 423 2252 8
448 2214 609 2259 *ἴσϊδοφ
634 2222 650 2252 ἰ’
670 2216 693 2251 i.
719 2227 791 2251 ras.
816 2218 850 2251 A
959 2220 996 2250 10
1023 2210 1148 2252 05}th
1173 2215 1206 2250 E
1308 2219 1521 2263 μεταβιβῶ]
1545 2215 1669 2251 Naber
1691 2218 1879 2259 μεταδιδῶ

204 2272 291 2307 MW
316 2274 545 2317 μεταδίδωμι
563 2275 595 2308 Α
619 2270 824 2319 μεταγάγω
842 2272 875 2308 Ε
898 2272 1059 2307 transibo
1078 2272 1150 2307 Lat
1223 2275 1262 2307 12
1288 2275 1375 2314 τῶν]
1393 2274 1456 2308 καὶ
1473 2275 1529 2308 τῶ
1545 2272 1578 2307 Ε
1594 2275 1649 2319 τῷ
1667 2285 1706 2309 τε
1723 2272 1876 2310 Hudson

317 2327 577 2375 ἐπιτηδεύματι
603 2329 635 2364 Ε
704 2327 854 2372 κόσμον
878 2340 946 2364 om.
973 2329 1005 2364 E
1086 2332 1122 2364 13
1148 2327 1221 2370 ἐπὶ]
1249 2329 1306 2365 εἰσ
1328 2329 1361 2364 Ε
1438 2332 1476 2363 14
1501 2331 1706 2380 *γεγονυίᾳ
1729 2330 1878 2367 Bekker

318 2388 362 2432 τῆ
387 2383 476 2432 ὄψει
500 2386 532 2420 Ε
625 2381 838 2432 *εὐπρεπεῖ
858 2386 1006 2422 Bekker
1115 2390 1152 2420 16
1178 2387 1457 2430 *σατουρνίνωι
1481 2387 1531 2420 A¹
1623 2389 1712 2428 τῶν]
1738 2390 1807 2424 τῶι
1830 2389 1876 2432 Δ,

205 2452 274 2476 om.
301 2441 333 2476 E
456 2437 715 2487 άντισουμένω
739 2443 807 2477 ΑΕ
938 2446 977 2478 17
1004 2445 1058 2491 τῷ
1081 2445 1167 2490 περὶ
1193 2438 1307 2489 αὐτὴν
1331 2438 1530 2491 α’ξιολόγῳ]
1555 2442 1579 2477 i.
1604 2453 1715 2487 marg.
1741 2445 1774 2479 A
1798 2446 1878 2480 τῶν

206 2499 292 2545 περὶ
318 2493 434 2545 αὐτὴν
459 2494 671 2545 α’ξιολόγων
695 2499 852 2534 AMWE
923 2499 1079 2542 *Δέκιος
1103 2510 1170 2534 om.
1198 2499 1269 2534 Lat
1337 2500 1443 2535 *τῶν
1468 2496 1558 2535 τότε
1576 2519 1617 2524 -
1639 2502 1714 2545 153,
1735 2504 1746 2535 1
1774 2503 1875 2545 μιᾶς]

205 2565 254 2589 ea:
279 2565 426 2589 numero
451 2556 626 2601 equestri,
655 2555 720 2590 secl
749 2556 787 2590 in
816 2556 937 2602 yraclu
969 2556 1041 2591 iam
1066 2556 1214 2592 emerito
1240 2556 1456 2591 constitutus
1479 2562 1513 2591 et
1537 2555 1717 2601 diytaeitate
1741 2567 1876 2604 maqna

204 2611 386 2653 sublimis,
417 2611 567 2647 idonens
599 2614 706 2648 etiam
730 2613 779 2648 ad
802 2623 952 2648 munera
976 2613 1167 2659 larqae'enda
1191 2618 1427 2659 sumptusque
1449 2612 1643 2657 faciendos
1655 2624 1670 2653 ‚·
1699 2623 1782 2647 nam
1806 2623 1875 2649 mc·

205 2672 372 2703 moratae
394 2679 539 2715 quoque
562 2669 705 2704 mulieri
721 2670 862 2704 maiora
878 2669 975 2704 dona
997 2670 1229 2715 promiserat,
1254 2679 1349 2715 quae
1365 2668 1428 2703 illa
1446 2673 1690 2704 contemnente
1712 2669 1876 2706 maximo

204 2726 333 2768 fuerat
355 2736 479 2760 amore
509 2737 721 2768 succensus,
754 2732 793 2761 ut
823 2726 929 2761 etiam
955 2726 1030 2761 XX
1051 2726 1238 2772 myriadas
1268 2726 1502 2771 draqmarwn
1529 2724 1721 2760 atticarum
1747 2737 1786 2762 se
1809 2726 1874 2762 da·

205 2786 324 2815 turum
351 2793 422 2828 pro
449 2794 520 2817 uno
547 2783 737 2818 concubam
760 2782 1018 2829 spopondisset
1046 2782 1117 2818 Lat
1259 2785 1297 2817 18
1321 2783 1494 2827 μείζονα]
1519 2791 1587 2817 om.
1614 2782 1732 2826 spatio
1757 2793 1875 2820 uacuo

205 2842 261 2872 4—
275 2842 293 2872 5
319 2838 387 2874 litt.
413 2839 541 2875 relicto
567 2840 604 2874 M
628 2847 738 2885 μεῖνα
763 2836 838 2905 γάρ
864 2839 911 2875 W
1037 2838 1107 2875 litt.
1134 2841 1227 2883 ξυνα
1255 2832 1374 2875 οὖσαν
1397 2837 1420 2873 i.
1446 2848 1517 2872 ras.
1543 2839 1576 2873 A
1689 2840 1875 2884 μείζονοσ

205 2892 280 2941 γὰρ
305 2907 423 2941 ουσησ
447 2895 480 2930 Ε
575 2897 704 2937 οὑσαν]
730 2900 774 2941 ἠν
797 2893 820 2942 ἢ
844 2890 943 2933 ὥστε
967 2896 1023 2931 ed.
1049 2907 1103 2941 pr.
1204 2891 1387 2936 *ἁλῶναι1
1412 2892 1434 2941 ἦ
1457 2891 1613 2937 ἁλῶναι,
1637 2892 1660 2941 ἢ
1683 2896 1801 2942 suppl.
1826 2907 1872 2932 m.

208 2957 222 2988 1
251 2953 284 2986 A
381 2955 419 2987 1‘)
444 2953 507 2987 καὶ
532 2964 646 2997 πεμφ
639 2952 798 2995 θέντων]
822 2952 1178 2999 καταπεμᾳθέντων
1202 2951 1233 2986 Ε
1324 2947 1512 2996 ὑπεριδεῖν
1536 2951 1567 2986 Ε
