2051 3397
607 240 799 275 IOSEPffl
827 241 940 276 VITA
968 244 1144 277 »112-119
1169 248 1236 278 (τι.
1255 249 1306 276 351
1700 242 1775 280 387

126 353 203 412 τὴν
244 353 422 411 πρώτην
462 352 575 408 πρὸς
617 353 687 408 ἐμὲ
728 355 868 413 μάχην
911 355 1173 412 ἐποιήσατο,
1214 358 1283 398 καὶ
1327 353 1387 405 ῶς
1428 355 1598 398 ἐκεῖθεν
1633 354 1695 405 εἰς
1728 354 1779 396 ἰὰ

123 418 371 466 Ἰωτάπατα
410 417 685 479 ἀνεχώρησα,
726 425 794 465 καὶ
835 423 889 466 τὰ
930 427 1220 480 πεπραγμένα
1259 441 1334 477 μοι
1374 423 1484 465 κατα
1516 422 1592 479 την
1623 423 1781 479 ταύτης

127 491 407 547 πολιορκίαν,
447 491 518 532 καὶ
561 489 610 532 ὃν
641 491 809 546 τρόπον
841 492 923 544 ζῶν
956 493 1149 550 ληφθεὶς
1180 491 1340 549 ἐδέθην
1371 494 1443 534 καὶ
1476 494 1572 541 πῶς
1603 490 1779 548 ἐλύθην,

128 558 273 601 πάντα
303 575 350 601 τε
379 557 434 600 τὰ
467 564 755 614 πεπραγμένα
784 578 858 614 μοι
883 559 992 602 κατὰ
1013 559 1089 602 τόν
1108 555 1343 603 Ἰουδαϊκὸν
1375 559 1569 612 πόλεμον
1602 562 1671 601 καὶ
1704 558 1781 615 τὴν

75 635 94 666 5
120 623 429 683 Ἱεροσολύμων
453 628 713 682 πολιορκίαν
734 625 829 682 μει”
859 624 1083 683 ἀκριβείας
1115 626 1158 671 ἐν
1189 637 1287 678 ταῖς
1320 629 1419 683 περὶ
1451 629 1526 669 τοῦ
1546 624 1780 670 Ἰουδαϊκοῦ

126 696 321 749 πολέμου
350 696 524 750 βίβλοις
561 691 822 753 ἀπήγγελκα.
885 693 1119 751 ἀναγκαῖον
1160 692 1200 738 δ’
1239 695 1379 748 ἐστίν,
1420 692 1480 745 ῶς
1520 692 1666 749 οἶμαι,
1708 697 1779 738 καὶ

123 762 209 806 ὅσα
237 761 296 820 μὴ
328 762 439 805 κατὰ
462 763 538 806 τόν
557 760 792 807 Ἰουδαϊκὸν
818 764 1011 819 πόλεμον
1037 760 1267 820 ἀνέγραψα
1297 766 1383 807 τῶν
1416 763 1460 807 ἐν
1489 765 1550 819 τῷ
1581 766 1666 818 βίῳ
1696 779 1779 816 μου

124 834 446 887 πεπραγμένων
480 835 552 875 νῦν
585 832 978 888 προσαναγράψαι.

237 903 303 942 75.
378 902 464 957 Τῆς
508 900 590 957 γὰρ
634 903 722 943 τῶν
763 897 1044 945 Ἰωταπάτων
1090 902 1351 954 πολιορκίας
1397 899 1613 956 λαβούσης
1658 899 1780 948 τέλος

58 976 94 1010 10
122 966 354 1023 γενόμενος
386 967 509 1024 παρὰ
537 966 770 1023 Ῥωμαίοις
799 969 909 1024 μετὰ
943 969 1091 1026 πάσης
1114 968 1370 1023 ἐπιμελείας
1393 966 1704 1026 ἐφυλασσόμην
1726 965 1780 1008 τὰ

55 1318 90 1351 15

53 1659 91 1692 20

122 1034 269 1078 πολλὰ
309 1035 382 1079 διὰ
422 1039 552 1093 τιμῆς
592 1033 774 1093 ἄγοντός
812 1054 863 1092 με
905 1033 1267 1089 Οὐεσπασιανοῦ,
1306 1039 1379 1079 καὶ.
1416 1035 1466 1093 δη
1499 1034 1782 1084 κελεύσαντος

124 1099 256 1146 αὐτοῦ
298 1099 518 1162 ἠγαγόμην
558 1104 658 1148 τινὰ
698 1108 927 1160 παρθένον
966 1104 1009 1148 ἐκ
1050 1107 1137 1147 τῶν
1177 1104 1515 1159 αἰχμαλωτίδων
1553 1104 1641 1145 τῶν
1671 1100 1780 1143 κατὰ

125 1169 397 1227 Καισάρειαν
437 1170 637 1216 ἁλουσῶν
679 1172 897 1229 ἐγχώριον.
959 1169 1007 1216 οἰ·
1049 1176 1292 1229 παρέμενεν
1324 1168 1366 1215 δ’
1395 1167 1499 1229 αὕτη
1533 1187 1609 1225 μοι
1642 1168 1780 1212 πολὺν

119 1240 296 1296 χρόνον,
338 1236 449 1283 ἀλλὰ
489 1242 701 1292 λυθέντος
742 1244 813 1286 καὶ
855 1241 965 1296 μετὰ
1004 1237 1344 1285 Οὐεσπασιανοῦ
1389 1242 1686 1296 πορευθέντος
1719 1236 1781 1287 εἰς

120 1308 198 1367 τὴν
219 1305 551 1365 Ἀλεξάνδρειαν
574 1305 827 1367 ἀπηλλάγη·
858 1319 1040 1365 γυναῖκα
1063 1306 1101 1352 δ’
1129 1309 1280 1366 ἑτέραν
1312 1306 1533 1366 ἠγαγόμην
1564 1305 1674 1349 κατὰ
1705 1304 1782 1361 τὴν

122 1372 468 1432 Ἀλεξάνδρειαν.
520 1373 725 1420 κάκεῖθεν
748 1378 823 1421 ἐπὶ
845 1378 922 1435 τὴν
948 1380 1035 1420 τῶν
1052 1375 1363 1433 Ἱεροσολύμων
1387 1377 1648 1430 πολιορκίαν
1671 1389 1778 1427 συμ-

120 1447 353 1503 πεμφθεὶς
379 1450 497 1502 Τίτῳ
528 1445 744 1496 πολλάκις
775 1441 1027 1490 ἀποθανεῖν
1059 1445 1350 1500 ἐκινδύνευσα,
1381 1447 1467 1487 τῶν
1495 1460 1542 1486 τε
1558 1439 1781 1486 Ἰουδαίων

122 1512 196 1557 διὰ
238 1514 436 1570 σπουδῆς
477 1512 662 1567 ἑχόντων
704 1511 957 1569 ὑποχείριόν
995 1531 1049 1565 με
1089 1515 1238 1569 λαβεῖν
1278 1518 1494 1569 τιμωρίας
1541 1511 1663 1554 ἕνεκα
1708 1511 1780 1553 καὶ

117 1579 340 1636 Ῥωμαίων
371 1579 499 1626 ὁσάκι
531 1585 753 1638 νικηθεῖεν
784 1581 971 1635 πάσχειν
1002 1584 1130 1625 τοῦτο
1166 1578 1262 1625 κατ’
1292 1581 1396 1637 ἐμὴν
1428 1581 1674 1637 προδοσίαν
1707 1579 1780 1621 δο-

119 1650 310 1694 κούντων
333 1660 523 1705 συνεχεῖς
543 1650 835 1707 καταβοήσεις
853 1649 927 1693 ἐπὶ
949 1653 1027 1694 τοῦ
1051 1646 1394 1707 αὗκτοκράτορος
1411 1648 1629 1705 ἐγίγνοντο
1651 1642 1780 1690 κολά-

123 1718 210 1771 ζειν
230 1735 284 1774 με
306 1716 366 1770 ῶς
400 1721 473 1762 καὶ
505 1714 649 1762 αὐτῶν
681 1718 903 1776 προδότην
936 1714 1188 1770 ἀξιούντων.
1256 1722 1386 1768 Τίτος
1419 1718 1464 1760 δὲ
1496 1721 1670 1770 Καῖσαρ
1702 1714 1781 1766 τὰς

121 1788 319 1843 πολέμου
349 1787 480 1842 τύχας
512 1782 587 1830 οὐκ
619 1783 787 1843 ἀγνοῶν
820 1790 919 1844 σιγῇ
949 1786 1030 1838 τὰς
1052 1781 1128 1829 ἐπ>
1157 1785 1230 1841 ἐμὲ
1257 1788 1346 1829 τῶν
1378 1786 1658 1842 στρατιωτῶν
1691 1781 1780 1834 ἐξὲ-

122 1857 220 1899 λυεν
251 1853 404 1911 ὁρμάς.
465 1853 547 1914 ἤδη
580 1855 626 1898 δὲ
657 1855 768 1898 κατὰ
800 1855 958 1912 κράτος
997 1857 1073 1913 τῆς
1103 1857 1191 1896 τῶν
1218 1852 1575 1910 Ἱεροσολυμιτῶν
1608 1851 1780 1901 πόλεως

122 1922 326 1982 εχομένης
362 1927 493 1974 Τίτος
524 1928 700 1979 Καῖσαρ
741 1923 925 1967 ἔπειθέν
964 1939 1019 1978 με
1057 1922 1271 1973 πολλάκις
1312 1938 1356 1965 εκ
1391 1924 1468 1977 τῆς
1498 1935 1781 1976 κατασκαφης

121 1995 198 2050 τῆς
227 1992 446 2050 πατρίδος
475 1995 566 2036 πᾶν
598 1987 623 2035 ό
653 2009 697 2035 τι
726 1993 910 2046 θέλοιμι
933 1993 1104 2047 λαβεῖν·
1138 1999 1372 2074 συγχωρεῖν
1396 1989 1477 2046 γὰρ
1510 1985 1640 2038 αυτὸς
1671 2004 1780 2044 εφα-

123 2076 234 2104 σκεν.
295 2077 376 2116 εγω
410 2061 456 2104 δὲ
486 2063 563 2119 τῆς
594 2060 811 2115 πατρίδος
852 2059 1075 2117 πεσούσης
1113 2059 1247 2117 μηδὲν
1286 2058 1394 2112 ε’χων
1432 2056 1712 2112 τιμιώτερον,
1756 2054 1777 2098 ὂ

122 2131 211 2173 τῶν
241 2128 430 2184 εμαυτοῦ
462 2131 701 2185 συμφορῶν
734 2128 796 2178 εἰς
827 2130 1124 2184 παραμυθίαν
1155 2125 1302 2182 λαβων
1334 2125 1596 2183 φυλάξαιμι,
1630 2122 1780 2178 σωμά-

121 2214 210 2239 των
249 2195 495 2251 ελευθέρων
532 2195 611 2253 τὴν
651 2195 825 2252 αἴτησιν
866 2193 1109 2273 εποιοιξμην
1145 2198 1276 2237 Τίτον
1316 2196 1389 2237 καὶ
1426 2194 1611 2248 βιβλίων
1653 2192 1780 2246 ἱερῶν

125 2280 147 2304 *
171 2263 335 2355 ε’λαβον
345 2266 642 2353 χαρισαμένου
669 2266 814 2306 Τίτου.
856 2258 953 2317 μετ)
981 2258 1030 2305 οὗ
1053 2261 1167 2305 πολι
1192 2262 1237 2304 δὲ
1259 2264 1331 2305 καὶ
1352 2260 1429 2304 τὸν
1441 2257 1645 2317 ἀδελφὸν
1666 2256 1777 2313 μετὰ

234 2398 421 2434 PRAMW

240 2459 252 2490 1
280 2452 509 2501 ἐποιήσαντο
535 2453 633 2489 PRA
718 2454 774 2491 εἰσ
800 2466 827 2490 s.
852 2454 892 2489 M
976 2450 1022 2490 τὰ
1047 2464 1115 2489 om.
1141 2453 1228 2488 MW
1322 2456 1342 2487 4
1366 2449 1476 2494 κατὰ]
1502 2449 1600 2489 κατά
1626 2465 1665 2488 τε
1689 2448 1737 2484 W

122 2518 141 2548 5
166 2510 261 2558 μετὰ
286 2511 409 2547 AMW
503 2514 522 2545 6
545 2512 714 2558 βιβλίοισ
730 2510 763 2546 R
833 2510 871 2547 δέ
891 2510 978 2546 ΜΨ
1071 2514 1087 2544 ἵ
1114 2524 1188 2555 μου
1213 2510 1501 2557 πεπραγμένων]
1525 2523 1591 2554 μοι
1616 2522 1781 2555 πεπραγ-

120 2570 246 2615 μένων
269 2569 316 2604 W
342 2567 620 2615 πεπραγμένων
642 2581 708 2613 μοι
732 2567 770 2602 Μ
854 2571 873 2602 9
899 2569 1128 2603 ιωταπατῶν
1152 2567 1180 2601 Ρ
1259 2571 1295 2601 11
1323 2580 1370 2611 με
1397 2562 1687 2608 ὀυεσπασιανοῦ,
1711 2566 1779 2600 litt.

121 2623 166 2664 εό
190 2637 235 2662 ex
260 2639 304 2663 ου
328 2636 420 2662 corr.
446 2625 479 2659 A
558 2622 787 2661 κελεύοντοσ
811 2624 858 2658 W
938 2627 978 2659 12
1003 2624 1211 2670 παρθένον]
1237 2621 1390 2669 πόρθον
1414 2623 1442 2657 Ρ
1528 2622 1722 2669 πορθένον
1738 2621 1780 2657 ἐκ

122 2685 208 2726 τῶν,
225 2682 293 2718 litt.
313 2680 400 2718 ἕνον
415 2679 481 2718 ἐκτ
497 2681 519 2717 i.
536 2692 607 2716 ras.
627 2681 832 2725 angustiore
848 2691 893 2714 m.
913 2682 932 2714 2
958 2679 989 2722 (ε’
1005 2690 1050 2715 ex
1068 2693 1088 2716 ο
1107 2684 1213 2722 corr.)
1230 2682 1263 2715 A
1334 2682 1374 2714 13
1400 2679 1601 2726 παρέμεινε
1624 2677 1780 2713 ΒΑΜΨ

235 2739 273 2776 δὲ
298 2738 385 2773 ΜΨ
456 2735 546 2784 αὐτή
563 2737 597 2773 R
669 2741 708 2772 15
734 2734 801 2783 τὴν
818 2747 884 2772 om.
903 2736 936 2771 R
1006 2732 1210 2782 ἀπηλλάγη]
1235 2736 1291 2771 ed.
1308 2746 1364 2780 pr.
1389 2730 1604 2781 ἀπηλλάγην
1629 2734 1733 2768 codd.

121 2796 160 2834 δὲ
182 2795 271 2832 ΜΨ
363 2791 566 2842 η’γαγώμην
590 2794 618 2828 Ρ
724 2796 764 2828 16
790 2796 866 2829 τῶν
891 2803 956 2828 om.
982 2792 1139 2828 RAMW
1234 2794 1273 2827 18
1299 2788 1368 2833 διὰ]
1393 2790 1488 2835 μετὰ
1512 2790 1576 2825 ΡΑ
1652 2787 1780 2826 ἕνεκεν

121 2852 276 2889 RAMW
349 2854 390 2887 19
416 2847 552 2888 ὃσάκισ
575 2850 663 2885 ΜΨ
750 2847 859 2886 ὁσάκι
886 2852 1082 2896 νικηθεῖεν]
1109 2841 1181 2885 ὅσα
1205 2851 1393 2894 κινηθεῖεν
1416 2846 1480 2882 PR
1560 2849 1685 2889 τοῦτο]
1711 2850 1780 2884 τοῦ

121 2911 156 2944 A
224 2912 266 2944 20
291 2911 470 2955 συνεχεῖς]
495 2913 666 2953 συνεχεῖσ
690 2906 730 2943 τὲ
752 2906 786 2941 R
857 2904 1031 2953 ἐγίνοντο
1056 2904 1212 2940 RAMW
1282 2907 1321 2938 21
1349 2900 1417 2946 τὰς
1439 2906 1508 2940 τοῦ
1531 2904 1698 2948 πολέμου
1722 2904 1777 2939 ed.

121 2976 176 3010 pr.
246 2967 289 3000 22
313 2961 475 3013 ἄγνωιῦν
498 2964 526 2999 Ρ
595 2960 673 3006 ἐπ’]
698 2963 754 3000 εἰσ
771 2963 858 2998 ΜΨ
927 2961 1093 3006 ἐξέλυσεν
1111 2961 1156 2995 W
1226 2964 1267 2995 25
1294 2955 1434 2997 αὖτοὺσ
1457 2960 1491 2996 R
1561 2963 1601 2996 28
1626 2962 1778 3008 βιβλίον

123 3017 229 3068 ἱερὸν
251 3021 338 3057 ΜΨ
408 3025 450 3057 29
474 3018 627 3069 ἔλαβον]
650 3023 714 3058 καὶ
738 3017 878 3068 ἔλαβον
902 3020 1058 3064 Bekker,
1083 3019 1146 3054 sed
1169 3018 1276 3063 plura
1300 3016 1476 3053 excidisse
1499 3017 1572 3052 uid.

1822 699 1891 738 113

1814 902 1891 941 vll-1

1813 1173 1892 1212 415

1812 1377 1892 1416 416

1812 1719 1891 1757 417

1811 2057 1891 2098 418

1811 2264 1889 2304 419
