2074 3392
186 624 238 664 69

268 235 321 273 82
747 233 908 278 ANTIQ.
933 234 1031 270 IUD.
1055 235 1160 271 xvn
1184 237 1317 271 68—73
1342 237 1400 278 (w.
1418 239 1450 277 2)

267 351 346 392 τοῦ
376 347 434 404 μὴ
468 343 684 391 ἀπιστίαν
707 347 772 391 ἔτι
792 344 1136 390 ὗποπτεύεσθαι
1157 351 1336 406 συνῆγεν
1357 347 1521 401 αὐτοῖς,
1554 346 1576 392 0‘
1603 346 1812 403 βασιλεὺς
1830 364 1937 405 κρα-

268 415 508 470 τυνάμενος
539 415 615 458 ἐπὶ
645 420 776 472 κακίᾳ
805 417 860 471 τῇ
888 410 1184 471 Ἀντιπάτρου
1215 415 1292 474 τὴν
1312 419 1464 473 Δῶριν
1494 415 1573 473 τὴν
1602 419 1771 473 μητέρα
1803 411 1938 460 αῧτοῦ

269 483 419 526 πάντα
449 481 526 526 τὸν
556 485 662 539 περὶ
694 478 828 537 αὐτὴν
857 482 1024 536 κόσμον
1053 482 1282 527 ταλάντων
1311 485 1492 527 πολλῶν
1523 480 1631 527 ὄντα
1663 482 1939 541 ἀφελόμενος

270 550 428 595 ἔπειτα
450 547 584 609 αὐτὴν
606 547 929 605 ἀποπέμπεται
949 551 1023 592 καὶ
1043 558 1143 601 ταῖς
1161 550 1370 607 Φερώρου
1390 551 1588 608 γυναιξὶν
1609 552 1765 608 φιλίαν
1785 549 1939 594 ἐσπεί-

272 633 395 662 σατο.
455 618 650 673 μάλιστα
681 615 721 661 δ’
758 618 994 673 ἐξώτρυνεν
1025 616 1088 668 εἷς
1118 613 1250 675 ὀργὴν
1278 618 1390 662 κατὰ
1412 622 1489 663 τοῦ
1515 618 1681 670 παιδὸς
1701 617 1778 662 τὸν
1805 621 1939 674 βασι-

270 689 349 730 λέα
378 690 655 744 Σαμαρείτης
686 682 794 743 ἆνηρ
820 682 1118 741 Ἀντίπατρος
1149 684 1456 741 ἐπιτροπεύων
1484 686 1562 730 τὸν
1593 686 1689 730 υἱὸν
1710 689 1788 730 τοῦ
1807 689 1940 740 βασι-

270 756 381 806 λέως
405 751 723 809 Ἀντίπατρον,
766 750 878 795 ἄλλα
915 770 964 796 τε
1003 749 1137 796 αὐτοῦ
1168 752 1212 796 ἓν
1241 763 1341 805 ταῖς
1367 754 1583 809 βασάνοις
1611 753 1836 798 κατειπών
1865 755 1940 797 καὶ

271 821 342 866 ὅτι
372 818 826 878 παρασκευασάμενος
857 820 1091 876 φάρμακον
1111 820 1368 875 θανάσιμον
1391 821 1488 880 δοίη
1514 822 1703 881 Φερώρᾳ
1732 821 1942 873 κελεύσας

271 889 395 945 παρὰ
433 888 511 946 τὴν
551 884 807 946 ἀποδημίαν
847 884 1002 941 αὐτοῦ,
1042 883 1104 931 ἵν’
1146 885 1206 939 ὡς
1245 889 1456 932 πλεῖστον
1496 886 1739 948 ἀφεστήκοι
1774 891 1863 932 τῶν
1895 887 1940 933 ἐν

272 957 491 1007 τοιούτοις
521 953 873 1011 ὑποτοπασμῶν,
905 958 968 1012 τῷ
999 958 1137 1012 πατρὶ
1170 955 1336 1000 δοῦναι.
1395 958 1469 1000 καὶ
1494 961 1677 1012 κομίσαι
1696 958 1776 1012 μὲν
1791 952 1942 1000 Ἀντί-

274 1026 406 1082 φιλον
429 1023 476 1075 ἒξ
493 1024 732 1080 Αἰγύπτου
763 1023 812 1067 τὸ
847 1024 1081 1082 φάρμακον
1112 1023 1188 1067 ἕνα
1208 1026 1296 1066 τῶν
1313 1019 1611 1082 Ἀντιπάτρου
1644 1027 1800 1083 φίλων,
1833 1039 1942 1068 στα-

274 1094 400 1149 λῆναι
433 1092 479 1135 δὲ
510 1089 570 1143 ὥς
604 1088 817 1149 Φερώραν
850 1091 924 1135 διὰ
949 1092 1199 1142 Θευδίωνος
1228 1090 1394 1149 μητρὸς
1412 1087 1713 1149 Ἀντιπάτρου
1745 1089 1944 1151 ἀδελφοῦ

273 1163 352 1203 τοῦ
379 1161 599 1215 βασιλέως
628 1160 816 1213 παιδός,
856 1161 930 1203 καὶ
970 1159 1109 1210 οὕτως
1140 1159 1290 1203 ἐλθεῖν
1319 1158 1369 1202 τὸ
1403 1159 1636 1216 φάρμακον
1667 1160 1731 1212 εἷς
1760 1160 1839 1217 τὴν
1867 1177 1944 1217 γυ-

276 1238 401 1272 ιαῖκα
437 1227 516 1284 τὴν
560 1228 771 1284 Φερώρου
811 1227 966 1278 δόντος
1004 1227 1249 1284 φυλάσσειν
1286 1230 1365 1271 τοῦ
1410 1223 1570 1282 ἀνδρὸς
1615 1223 1762 1286 αὐτῆς.
1827 1225 1854 1284 ἥ
1895 1227 1944 1271 δὲ

274 1293 493 1352 ιῦμολόγει
521 1296 600 1350 μὲν
632 1291 948 1352 ἀνακρίναντος
986 1298 1063 1339 τοῦ
1092 1297 1332 1351 βασιλέως,
1363 1297 1436 1338 καὶ
1469 1296 1698 1352 δραμοῦσα
1728 1293 1789 1346 ὥς
1817 1299 1945 1351 κομί-

276 1379 392 1407 σειεν
431 1364 583 1421 ῥίπτει
615 1363 728 1406 κατὰ
759 1367 910 1420 τέγους
941 1363 1119 1420 εαυτήν,
1163 1381 1212 1407 ου
1243 1363 1328 1421 μὴν
1366 1365 1548 1422 τελευτᾷ
1588 1363 1664 1407 ἐπὶ
1694 1363 1840 1414 πόδας
1868 1365 1946 1420 τῆς

275 1432 490 1483 πτώσεως
519 1435 765 1490 γενομένης.
824 1433 898 1474 καὶ
937 1426 1077 1482 ούτως
1117 1431 1216 1475 επεὶ
1249 1427 1516 1490 ἀνεκτήσατο
1549 1427 1684 1489 αυτὴν
1715 1429 1868 1475 ἄδειάν
1897 1447 1946 1474 τε

276 1496 385 1543 αυτ-ι’
407 1496 755 1554 ὗπισχνοιίιενος
779 1501 852 1543 καὶ
873 1508 968 1551 τοῖς
990 1499 1170 1550 οἰκείοις
1189 1499 1366 1557 μηδέν’
1348 1495 1424 1543 επ>
1451 1496 1694 1580 ἆφανισμῶ
1718 1495 1947 1558 τάληθοῦς

273 1571 536 1625 τρεπομένῃ,
566 1571 746 1624 τρίψειν
766 1584 815 1623 γε
843 1566 928 1626 μὴν
958 1577 1106 1618 κακοῖς
1136 1577 1230 1619 τοῖς
1248 1565 1458 1619 ὑστάτοις
1479 1564 1747 1624 ἀγνωμονεῖν
1776 1569 1944 1625 προθε-

275 1639 428 1694 μένην,
459 1632 739 1689 υτισχνεῖται
767 1638 840 1680 καὶ
873 1651 1046 1691 ωμοσεν
1075 1633 1100 1692 ἠ
1132 1634 1218 1692 μὴν
1248 1633 1362 1692 ερεῖν
1390 1635 1447 1678 τὰ
1477 1635 1627 1679 πάντα
1657 1634 1708 1679 ὃν
1739 1634 1945 1693 ἐπράχθη

275 1703 457 1760 τρόπον,
490 1705 677 1760 λέγουσα
706 1704 799 1757 μὲν,
831 1701 892 1754 ὦς
923 1703 1096 1761 ε’φασαν
1121 1704 1163 1746 οἵ
1194 1705 1356 1746 πολλοὶ
1386 1706 1475 1747 τῶν
1506 1699 1763 1760 ἀνθρώπων
1795 1699 1946 1761 ἀληθῆ

194 1778 245 1818 73
277 1771 332 1813 τὰ
372 1771 533 1815 πάντα.
592 1771 877 1826 ,,κεκόμισται
916 1771 998 1828 γὰρ
1038 1771 1084 1814 ἐκ
1120 1788 1197 1829 τις
1227 1771 1466 1827 Αἰγύπτου
1502 1770 1551 1815 τὸ
1593 1770 1826 1829 φάρμακον
1858 1766 1941 1814 ὗπ

272 1835 546 1895 [Antacpc‘lom
567 1835 762 1897 ἀδελφὸς
783 1835 824 1882 δ
847 1839 996 1895 εκείνω
1021 1838 1172 1918 ἰατρὸς
1193 1856 1253 1881 ων
1276 1837 1496 1894 ἐπόρισεν
1519 1840 1590 1882 καὶ
1615 1839 1864 1889 Θευδίωνος
1884 1854 1947 1890 ως

280 1905 393 1964 ἧμας
423 1911 688 1962 κομίσαντος
719 1906 971 1965 εφύλασσον
1003 1903 1126 1965 αυτὴ
1150 1905 1275 1964 παρὰ
1309 1903 1519 1963 Φερώρου
1558 1908 1756 1961 λαβοῦσα
1787 1905 1862 1949 ἐπὶ
1895 1906 1945 1950 σὲ

392 2033 411 2076 ς
436 2034 478 2066 68
503 2049 547 2060 =
570 2032 654 2067 beu.
680 2032 760 2067 Iud.
784 2032 801 2066 Ι
827 2035 903 2067 590.

392 2157 826 2193 PAMWELatZonaras
850 2158 867 2192 I
890 2169 926 2202 p.
953 2161 1030 2192 456.

395 2219 409 2250 1
438 2216 620 2261 *συνῇρεν
637 2210 768 2257 αι’-ταῖς
785 2213 935 2249 Hudson
960 2216 1116 2259 συνῇδεν
1141 2208 1270 2255 αὐτοῖς
1291 2212 1434 2256 Cocceji
1506 2208 1539 2253 ὁ]
1567 2208 1587 2248 ὃ
1607 2210 1644 2249 δὲ
1661 2212 1694 2247 Ε
1766 2214 1785 2246 2
1805 2214 1862 2259 τῇ]
1879 2215 1949 2250 τοῦ

279 2271 326 2306 W
396 2273 534 2318 Δῶριν]
563 2270 654 2306 coni.
679 2268 786 2306 δόσιν
811 2278 846 2306 ιο
873 2281 918 2305 ex
943 2285 973 2307 ω
999 2281 1090 2306 corr.
1116 2272 1161 2307 A)
1185 2269 1289 2304 PAM
1313 2267 1528 2303 contradere
1552 2268 1624 2304 Lat
1647 2269 1787 2314 δωρίδα
1806 2267 1888 2304 WE
1911 2271 1950 2305 et

276 2330 299 2364 i.
323 2339 432 2371 marg.
451 2328 535 2367 AM.
560 2327 653 2362 idem
679 2328 759 2363 bell.
776 2327 854 2362 Iud.
874 2330 894 2369 ξ
913 2331 932 2362 4
1015 2330 1035 2361 4
1061 2325 1266 2362 *ἐπείσατο
1294 2325 1339 2359 W
1422 2329 1440 2360 5
1466 2325 1488 2361 i.
1513 2335 1622 2370 marg.
1648 2323 1723 2359 VII
1740 2325 1814 2360 Lat
1881 2324 1949 2362 *δὲ
1998 2353 2004 2358 .

280 2385 327 2419 W
398 2387 417 2419 8
435 2382 827 2431 παρασκευασάμενον
844 2384 876 2418 Ε
947 2387 967 2418 9
985 2379 1065 2419 *ἵν’
1082 2403 1127 2409 —
1147 2387 1186 2418 10
1204 2381 1503 2426 ὑποτοπασμῶν]
1524 2392 1602 2416 cum
1620 2381 1691 2416 iam
1707 2382 1865 2428 spatium
1883 2381 1950 2418 alu·-

281 2442 411 2487 qucmtc'
426 2441 596 2486 temporis
613 2441 840 2478 cucurrisset,
859 2440 918 2475 ubi
933 2440 1028 2475 ratio
1044 2443 1265 2485 prouocurct
1282 2438 1353 2474 Lat
1421 2434 1501 2480 *ὥς
1517 2440 1710 2480 πλεῖστον]
1727 2431 1859 2485 ὥσπερ
1874 2438 1904 2473 P

281 2495 322 2533 ἐν
346 2494 546 2538 τοιούτοις]
569 2496 610 2533 ἐν
635 2494 788 2533 zoi-roco
813 2497 861 2532 W
886 2494 1071 2533 τοιούτων
1096 2496 1127 2531 Ε
1151 2494 1213 2532 ἐπὶ
1237 2492 1426 2537 τοιούτοις
1443 2494 1534 2530 coni.
1628 2497 1667 2529 13
1693 2495 1791 2531 *τοῦ
1807 2514 1849 2520 -—
1866 2507 1950 2531 παι·

282 2552 348 2596 δός
372 2564 438 2589 om.
464 2553 536 2588 Lat
606 2548 852 2600 *φάρ,ιιιικον,
879 2567 923 2589 ον
947 2554 970 2588 i.
995 2564 1065 2588 ras.
1091 2553 1138 2587 W
1227 2555 1265 2587 15
1292 2554 1529 2598 *δραμοῦσαῙ
1554 2553 1750 2597 δραμοῦσα
1775 2553 1950 2598 λαβοῦσα

284 2609 329 2644 W
417 2612 454 2644 16
480 2610 577 2646 κατὰ
604 2613 671 2646 τοῦ
697 2610 832 2656 τέγουσ
858 2611 890 2645 Ε
971 2607 1115 2657 *αὐτὴν
1140 2609 1185 2643 W
1282 2612 1320 2644 17
1346 2605 1630 2653 *ἀνεκτήσαντο
1656 2607 1704 2642 W
1805 2603 1952 2654 *αὑτὴν

283 2666 311 2700 Ρ
431 2670 470 2701 19
495 2666 762 2713 *τρεπομένην
786 2667 859 2702 AM
991 2668 1155 2715 τρίψειν]
1188 2666 1348 2701 Dindorf
1377 2664 1531 2712 τρέψειν
1562 2664 1665 2699 codd.
1691 2662 1724 2697 E
1756 2663 1953 2711 περιέψειν

284 2723 406 2758 Naber
488 2725 530 2758 20
555 2721 731 2770 *ἐρήσειν
755 2723 803 2758 W
886 2727 922 2758 21
952 2723 1134 2770 *λέγουσα
1161 2743 1201 2748 --
1230 2725 1271 2756 22
1296 2719 1514 2768 φάρμακον]
1532 2720 1581 2754 ad
1603 2719 1693 2755 haec
1721 2720 1785 2754 illa
1809 2720 1952 2756 dicebat

286 2781 392 2815 inaem
417 2786 527 2825 atque
551 2780 594 2814 ab
621 2781 703 2815 aliis
727 2780 860 2814 dictum
884 2780 1011 2825 fuerat
1036 2786 1069 2815 et
1088 2780 1209 2815 omnia
1227 2790 1315 2814 uera
1330 2779 1448 2824 fitia-sc
1465 2777 1631 2812 nuntiata
1645 2777 1837 2820 firmabat:
1859 2775 1952 2812 alla—

286 2841 358 2870 tum
384 2847 460 2871 esse
485 2847 658 2871 uenenum
683 2848 732 2872 ex
756 2842 915 2883 aeqypto
941 2837 1011 2872 Lat
1103 2834 1274 2882 ἒᾳαΙσαν,
1304 2848 1375 2871 σαν
1401 2834 1424 2868 i.
1450 2844 1520 2869 ras.
1547 2843 1637 2868 corr.
1663 2843 1707 2868 ex
1730 2846 1801 2877 μεν
1825 2833 1898 2870 uid.
1922 2832 1953 2868 P

286 2890 433 2937 ἔφασαν
457 2893 527 2936 μὲν
551 2893 582 2926 E
700 2895 863 2929 *πολλοὶ
888 2904 954 2928 om.
979 2893 1008 2928 P
1141 2895 1182 2927 22
1207 2889 1442 2936 κεκόμισται]
1466 2886 1687 2934 κεκόμισται
1715 2902 1753 2926 τε
1779 2895 1834 2931 (τε
1858 2900 1886 2926 a.
1910 2888 1953 2933 P)

286 2948 424 2984 PAME
448 2948 633 2995 ἐκομίσθη
658 2950 705 2984 W
821 2953 863 2985 23
889 2950 925 2986 δὲ
951 2949 1058 2984 ΑΜΕ
1084 2963 1125 2985 τε
1149 2948 1195 2983 W
1287 2947 1436 2984 ἐκείνου
1461 2945 1492 2980 Ε
1584 2949 1625 2981 24
1650 2942 1879 2990 ἐφύλασσον]
1903 2944 1953 2981 E¹

287 3008 324 3041 et
349 3009 389 3040 ut
414 3005 486 3041 uid.
512 3007 582 3040 Lat
606 3003 818 3051 ἐφύλασσεν
843 3007 945 3042 codd.
971 3010 1008 3041 et
1031 3017 1076 3041 ex
1101 3017 1193 3042 corr.
1220 3005 1251 3039 E
1343 3000 1533 3050 ‹s5905001·,
1559 3016 1602 3038 ου
1627 3013 1671 3037 ex
1696 3016 1718 3038 α
1745 3012 1837 3039 corr.
1862 3001 1895 3038 Ε

2009 3045 2022 3067 γ,

2003 3162 2018 3204 ι’
