<?xml version="1.0" encoding="UTF-8"?>
<!DOCTYPE html PUBLIC "-//W3C//DTD XHTML 1.0 Transitional//EN"
    "http://www.w3.org/TR/xhtml1/DTD/xhtml1-transitional.dtd">
<html xmlns="http://www.w3.org/1999/xhtml" xml:lang="en" lang="en">
 <head>
  <title>
</title>
<meta http-equiv="Content-Type" content="text/html;charset=utf-8" />
  <meta name='ocr-system' content='tesseract 3.04.00' />
  <meta name='ocr-capabilities' content='ocr_page ocr_carea ocr_par ocr_line ocrx_word'/>
</head>
<body>
  <div class='ocr_page' id='page_1' title='image "./operajosephus04joseuoft/operajosephus04joseuoft_0124.png"; bbox 0 0 2074 3392; ppageno 0'>
   <div class='ocr_carea' id='block_1_1' title="bbox 161 456 242 497">
    <p class='ocr_par' dir='ltr' id='par_1_1' title="bbox 161 456 242 497">
     <span class='ocr_line' id='line_1_1' title="bbox 161 456 242 497; baseline 0.012 -1"><span class='ocrx_word' id='word_1_1' title='bbox 161 456 242 497; x_wconf 87' lang='lat'><strong><em>213</em></strong></span> 
     </span>
    </p>
   </div>
   <div class='ocr_carea' id='block_1_2' title="bbox 276 203 1513 249">
    <p class='ocr_par' dir='ltr' id='par_1_2' title="bbox 276 203 1513 249">
     <span class='ocr_line' id='line_1_2' title="bbox 276 203 1513 249; baseline -0.004 -6"><span class='ocrx_word' id='word_1_2' title='bbox 276 206 356 244; x_wconf 90' lang='grc'><strong><em>110</em></strong></span> <span class='ocrx_word' id='word_1_3' title='bbox 714 203 876 248; x_wconf 79' lang='lat' dir='ltr'><strong>ANTIQ.</strong></span> <span class='ocrx_word' id='word_1_4' title='bbox 902 203 1000 239; x_wconf 77' lang='grc' dir='ltr'>ΠΗ).</span> <span class='ocrx_word' id='word_1_5' title='bbox 1025 203 1129 240; x_wconf 83' lang='lat' dir='ltr'><strong>XVII</strong></span> <span class='ocrx_word' id='word_1_6' title='bbox 1154 207 1333 240; x_wconf 82' lang='lat'>212-217</span> <span class='ocrx_word' id='word_1_7' title='bbox 1359 207 1417 248; x_wconf 77' lang='lat' dir='ltr'>(lx.</span> <span class='ocrx_word' id='word_1_8' title='bbox 1435 211 1464 238; x_wconf 82' lang='lat'><strong><em>2.</em></strong></span> <span class='ocrx_word' id='word_1_9' title='bbox 1481 207 1513 249; x_wconf 86' lang='lat'><strong><em>3)</em></strong></span> 
     </span>
    </p>
   </div>
   <div class='ocr_carea' id='block_1_3' title="bbox 273 309 1944 585">
    <p class='ocr_par' dir='ltr' id='par_1_3' title="bbox 273 309 1943 436">
     <span class='ocr_line' id='line_1_3' title="bbox 273 309 1943 376; baseline 0.001 -15"><span class='ocrx_word' id='word_1_10' title='bbox 273 336 322 362; x_wconf 89' lang='grc' dir='ltr'><strong><em>τε</em></strong></span> <span class='ocrx_word' id='word_1_11' title='bbox 358 309 471 372; x_wconf 70' lang='grc' dir='ltr'><strong><em>ἦσαν</em></strong></span> <span class='ocrx_word' id='word_1_12' title='bbox 511 317 586 361; x_wconf 79' lang='grc' dir='ltr'><strong><em>ἐπὶ</em></strong></span> <span class='ocrx_word' id='word_1_13' title='bbox 623 321 735 373; x_wconf 89' lang='grc' dir='ltr'><strong><em>μέγα</em></strong></span> <span class='ocrx_word' id='word_1_14' title='bbox 775 312 1036 374; x_wconf 79' lang='grc' dir='ltr'><strong><em>αὗξήσοντες</em></strong></span> <span class='ocrx_word' id='word_1_15' title='bbox 1071 316 1151 375; x_wconf 83' lang='grc' dir='ltr'><strong><em>τὴν</em></strong></span> <span class='ocrx_word' id='word_1_16' title='bbox 1182 317 1339 362; x_wconf 81' lang='grc' dir='ltr'><em>στάσιν</em></span> <span class='ocrx_word' id='word_1_17' title='bbox 1370 317 1576 376; x_wconf 76' lang='grc' dir='ltr'><em>πλήθους</em></span> <span class='ocrx_word' id='word_1_18' title='bbox 1606 316 1943 375; x_wconf 72' lang='grc' dir='ltr'><strong><em>ἐπισυρρυέντος</em></strong></span> 
     </span>
     <span class='ocr_line' id='line_1_4' title="bbox 277 383 440 436; baseline 0 -7"><span class='ocrx_word' id='word_1_19' title='bbox 277 383 440 436; x_wconf 70' lang='grc' dir='ltr'><strong><em>αὐτοῖς.</em></strong></span> 
     </span>
    </p>

    <p class='ocr_par' dir='ltr' id='par_1_4' title="bbox 277 448 1944 585">
     <span class='ocr_line' id='line_1_5' title="bbox 389 448 1944 510; baseline 0.001 -14"><span class='ocrx_word' id='word_1_20' title='bbox 389 457 428 496; x_wconf 85' lang='grc'><strong><em>3.</em></strong></span> <span class='ocrx_word' id='word_1_21' title='bbox 484 450 718 510; x_wconf 81' lang='grc' dir='ltr'><em>Ἐνστάσης</em></span> <span class='ocrx_word' id='word_1_22' title='bbox 749 452 796 495; x_wconf 82' lang='grc' dir='ltr'><strong><em>δὲ</em></strong></span> <span class='ocrx_word' id='word_1_23' title='bbox 825 450 937 494; x_wconf 84' lang='grc' dir='ltr'><strong><em>κατὰ</em></strong></span> <span class='ocrx_word' id='word_1_24' title='bbox 966 451 1094 495; x_wconf 86' lang='grc' dir='ltr'><strong><em>τόνδε</em></strong></span> <span class='ocrx_word' id='word_1_25' title='bbox 1123 450 1200 495; x_wconf 85' lang='grc' dir='ltr'><strong><em>τὸν</em></strong></span> <span class='ocrx_word' id='word_1_26' title='bbox 1219 452 1372 509; x_wconf 87' lang='grc' dir='ltr'><strong><em>καιρὸν</em></strong></span> <span class='ocrx_word' id='word_1_27' title='bbox 1394 452 1558 510; x_wconf 78' lang='grc' dir='ltr'><em>ἑορτῆς,</em></span> <span class='ocrx_word' id='word_1_28' title='bbox 1591 452 1636 496; x_wconf 76' lang='grc' dir='ltr'><strong><em>ἓν</em></strong></span> <span class='ocrx_word' id='word_1_29' title='bbox 1654 448 1685 510; x_wconf 82' lang='grc' dir='ltr'><em>ᾗ</em></span> <span class='ocrx_word' id='word_1_30' title='bbox 1709 448 1944 506; x_wconf 81' lang='grc' dir='ltr'><strong><em>Ἰουδαίοις</em></strong></span> 
     </span>
     <span class='ocr_line' id='line_1_6' title="bbox 277 517 1943 585; baseline 0.001 -21"><span class='ocrx_word' id='word_1_31' title='bbox 277 518 420 585; x_wconf 64' lang='grc' dir='ltr'><strong><em>ἄζυμα</em></strong></span> <span class='ocrx_word' id='word_1_32' title='bbox 450 524 763 576; x_wconf 74' lang='grc' dir='ltr'><strong><em>προτίθεσθαι</em></strong></span> <span class='ocrx_word' id='word_1_33' title='bbox 793 518 1005 573; x_wconf 89' lang='grc' dir='ltr'><strong><em>πάτριον·</em></strong></span> <span class='ocrx_word' id='word_1_34' title='bbox 1038 519 1188 576; x_wconf 86' lang='grc' dir='ltr'><em>φάσκα</em></span> <span class='ocrx_word' id='word_1_35' title='bbox 1210 518 1254 562; x_wconf 71' lang='grc' dir='ltr'><strong><em>δ’</em></strong></span> <span class='ocrx_word' id='word_1_36' title='bbox 1278 518 1302 578; x_wconf 86' lang='grc' dir='ltr'>ἡ</span> <span class='ocrx_word' id='word_1_37' title='bbox 1325 519 1451 579; x_wconf 79' lang='grc' dir='ltr'><strong><em>ἑορτὴ</em></strong></span> <span class='ocrx_word' id='word_1_38' title='bbox 1473 522 1674 564; x_wconf 87' lang='grc' dir='ltr'><strong><em>καλεῖται</em></strong></span> <span class='ocrx_word' id='word_1_39' title='bbox 1701 517 1943 579; x_wconf 75' lang='grc' dir='ltr'><strong><em>ὑπόμνημα</em></strong></span> 
     </span>
    </p>
   </div>
   <div class='ocr_carea' id='block_1_4' title="bbox 276 582 1999 646">
    <p class='ocr_par' dir='ltr' id='par_1_5' title="bbox 276 582 1999 646">
     <span class='ocr_line' id='line_1_7' title="bbox 276 582 1999 646; baseline 0 -14"><span class='ocrx_word' id='word_1_40' title='bbox 276 587 388 632; x_wconf 74' lang='grc' dir='ltr'><strong><em>οὖσα</em></strong></span> <span class='ocrx_word' id='word_1_41' title='bbox 417 591 494 646; x_wconf 80' lang='grc' dir='ltr'><strong><em>τῆς</em></strong></span> <span class='ocrx_word' id='word_1_42' title='bbox 526 588 570 639; x_wconf 74' lang='grc' dir='ltr'><strong><em>ἐξ</em></strong></span> <span class='ocrx_word' id='word_1_43' title='bbox 590 587 829 644; x_wconf 80' lang='grc' dir='ltr'><strong><em>Αἰγύπτου</em></strong></span> <span class='ocrx_word' id='word_1_44' title='bbox 852 582 1090 641; x_wconf 72' lang='grc' dir='ltr'><strong><em>ἀπάρσεως</em></strong></span> <span class='ocrx_word' id='word_1_45' title='bbox 1112 582 1256 630; x_wconf 73' lang='grc' dir='ltr'><strong><em>αὐτῶν</em></strong></span> <span class='ocrx_word' id='word_1_46' title='bbox 1275 591 1520 646; x_wconf 85' lang='grc' dir='ltr'><strong><em>γενομένης,</em></strong></span> <span class='ocrx_word' id='word_1_47' title='bbox 1552 589 1626 631; x_wconf 85' lang='grc' dir='ltr'><strong><em>καὶ</em></strong></span> <span class='ocrx_word' id='word_1_48' title='bbox 1655 584 1845 632; x_wconf 78' lang='grc' dir='ltr'><strong><em>θύουσιν</em></strong></span> <span class='ocrx_word' id='word_1_49' title='bbox 1866 584 1946 632; x_wconf 79' lang='grc' dir='ltr'><strong><em>αὗ-</em></strong></span> <span class='ocrx_word' id='word_1_50' title='bbox 1978 604 1999 627; x_wconf 53' lang='lat' dir='ltr'><em>f</em></span> 
     </span>
    </p>
   </div>
   <div class='ocr_carea' id='block_1_5' title="bbox 273 650 1944 715">
    <p class='ocr_par' dir='ltr' id='par_1_6' title="bbox 273 650 1944 715">
     <span class='ocr_line' id='line_1_8' title="bbox 273 650 1944 715; baseline 0 -15"><span class='ocrx_word' id='word_1_51' title='bbox 273 656 353 715; x_wconf 87' lang='grc' dir='ltr'><strong><em>τὴν</em></strong></span> <span class='ocrx_word' id='word_1_52' title='bbox 373 655 625 713; x_wconf 74' lang='grc' dir='ltr'><strong><em>προθύμως</em></strong></span> <span class='ocrx_word' id='word_1_53' title='bbox 645 653 826 713; x_wconf 77' lang='grc' dir='ltr'><strong><em>πλῆθός</em></strong></span> <span class='ocrx_word' id='word_1_54' title='bbox 845 671 893 697; x_wconf 90' lang='grc' dir='ltr'><strong><em>τε</em></strong></span> <span class='ocrx_word' id='word_1_55' title='bbox 915 654 1087 710; x_wconf 81' lang='grc' dir='ltr'><strong><em>ἱερείων</em></strong></span> <span class='ocrx_word' id='word_1_56' title='bbox 1108 651 1168 705; x_wconf 78' lang='grc' dir='ltr'><strong><em>ὥς</em></strong></span> <span class='ocrx_word' id='word_1_57' title='bbox 1193 650 1268 698; x_wconf 78' lang='grc' dir='ltr'><strong><em>οὐκ</em></strong></span> <span class='ocrx_word' id='word_1_58' title='bbox 1290 654 1334 698; x_wconf 78' lang='grc' dir='ltr'><strong><em>ἐν</em></strong></span> <span class='ocrx_word' id='word_1_59' title='bbox 1366 652 1474 712; x_wconf 74' lang='grc' dir='ltr'><strong><em>ἄλλῃ</em></strong></span> <span class='ocrx_word' id='word_1_60' title='bbox 1507 654 1803 700; x_wconf 79' lang='grc' dir='ltr'><strong><em>κατακόπτειν</em></strong></span> <span class='ocrx_word' id='word_1_61' title='bbox 1824 655 1944 700; x_wconf 76' lang='grc' dir='ltr'><strong><em>ἐστὶν</em></strong></span> 
     </span>
    </p>
   </div>
   <div class='ocr_carea' id='block_1_6' title="bbox 161 717 1944 781">
    <p class='ocr_par' dir='ltr' id='par_1_7' title="bbox 161 717 1944 781">
     <span class='ocr_line' id='line_1_9' title="bbox 161 717 1944 781; baseline -0.001 -13"><span class='ocrx_word' id='word_1_62' title='bbox 161 728 244 768; x_wconf 86' lang='grc'>214</span> <span class='ocrx_word' id='word_1_63' title='bbox 277 720 427 775; x_wconf 71' lang='grc' dir='ltr'><strong><em>αὐτοῖς</em></strong></span> <span class='ocrx_word' id='word_1_64' title='bbox 466 723 674 778; x_wconf 88' lang='grc' dir='ltr'><strong><em>νόμιμον·</em></strong></span> <span class='ocrx_word' id='word_1_65' title='bbox 711 722 909 765; x_wconf 81' lang='grc' dir='ltr'><strong><em>κάτεισιν</em></strong></span> <span class='ocrx_word' id='word_1_66' title='bbox 949 721 996 764; x_wconf 80' lang='grc' dir='ltr'><strong><em>δὲ</em></strong></span> <span class='ocrx_word' id='word_1_67' title='bbox 1033 721 1214 779; x_wconf 74' lang='grc' dir='ltr'><strong><em>πληθὺς</em></strong></span> <span class='ocrx_word' id='word_1_68' title='bbox 1255 717 1563 781; x_wconf 73' lang='grc' dir='ltr'><strong><em>ἀναρίθμητος</em></strong></span> <span class='ocrx_word' id='word_1_69' title='bbox 1603 722 1647 766; x_wconf 76' lang='grc' dir='ltr'><strong><em>ἐκ</em></strong></span> <span class='ocrx_word' id='word_1_70' title='bbox 1684 725 1762 781; x_wconf 77' lang='grc' dir='ltr'><strong><em>τῆς</em></strong></span> <span class='ocrx_word' id='word_1_71' title='bbox 1795 723 1944 780; x_wconf 84' lang='grc' dir='ltr'><strong><em>χώρας</em></strong></span> 
     </span>
    </p>
   </div>
   <div class='ocr_carea' id='block_1_7' title="bbox 161 998 242 1038">
    <p class='ocr_par' dir='ltr' id='par_1_8' title="bbox 161 998 242 1038">
     <span class='ocr_line' id='line_1_10' title="bbox 161 998 242 1038; baseline 0.012 -1"><span class='ocrx_word' id='word_1_72' title='bbox 161 998 242 1038; x_wconf 83' lang='grc'>215</span> 
     </span>
    </p>
   </div>
   <div class='ocr_carea' id='block_1_8' title="bbox 161 1338 242 1378">
    <p class='ocr_par' dir='ltr' id='par_1_9' title="bbox 161 1338 242 1378">
     <span class='ocr_line' id='line_1_11' title="bbox 161 1338 242 1378; baseline 0 0"><span class='ocrx_word' id='word_1_73' title='bbox 161 1338 242 1378; x_wconf 81' lang='lat'><strong><em>216</em></strong></span> 
     </span>
    </p>
   </div>
   <div class='ocr_carea' id='block_1_9' title="bbox 161 1676 242 1715">
    <p class='ocr_par' dir='ltr' id='par_1_10' title="bbox 161 1676 242 1715">
     <span class='ocr_line' id='line_1_12' title="bbox 161 1676 242 1715; baseline -0.012 0"><span class='ocrx_word' id='word_1_74' title='bbox 161 1676 242 1715; x_wconf 81' lang='lat'><strong><em>217</em></strong></span> 
     </span>
    </p>
   </div>
   <div class='ocr_carea' id='block_1_10' title="bbox 272 787 1944 917">
    <p class='ocr_par' dir='ltr' id='par_1_11' title="bbox 272 787 1944 917">
     <span class='ocr_line' id='line_1_13' title="bbox 273 787 1944 850; baseline 0 -16"><span class='ocrx_word' id='word_1_75' title='bbox 273 788 355 850; x_wconf 76' lang='grc' dir='ltr'><strong><em>ἤδη</em></strong></span> <span class='ocrx_word' id='word_1_76' title='bbox 389 792 435 834; x_wconf 85' lang='grc' dir='ltr'><strong><em>δὲ</em></strong></span> <span class='ocrx_word' id='word_1_77' title='bbox 465 792 539 834; x_wconf 85' lang='grc' dir='ltr'><strong><em>καὶ</em></strong></span> <span class='ocrx_word' id='word_1_78' title='bbox 571 790 616 834; x_wconf 80' lang='grc' dir='ltr'><strong><em>ἐκ</em></strong></span> <span class='ocrx_word' id='word_1_79' title='bbox 644 793 722 847; x_wconf 79' lang='grc' dir='ltr'><strong><em>τῆς</em></strong></span> <span class='ocrx_word' id='word_1_80' title='bbox 750 787 992 846; x_wconf 72' lang='grc' dir='ltr'><strong><em>ὑπερορίας</em></strong></span> <span class='ocrx_word' id='word_1_81' title='bbox 1025 788 1101 833; x_wconf 73' lang='grc' dir='ltr'><strong><em>ἐπὶ</em></strong></span> <span class='ocrx_word' id='word_1_82' title='bbox 1131 793 1350 847; x_wconf 77' lang='grc' dir='ltr'><strong><em>θρησκείᾳ</em></strong></span> <span class='ocrx_word' id='word_1_83' title='bbox 1378 793 1457 834; x_wconf 82' lang='grc' dir='ltr'><strong><em>τοῦ</em></strong></span> <span class='ocrx_word' id='word_1_84' title='bbox 1485 793 1619 843; x_wconf 85' lang='grc' dir='ltr'><strong><em>θεοῦ,</em></strong></span> <span class='ocrx_word' id='word_1_85' title='bbox 1655 793 1730 835; x_wconf 85' lang='grc' dir='ltr'><strong><em>καὶ</em></strong></span> <span class='ocrx_word' id='word_1_86' title='bbox 1760 791 1804 834; x_wconf 84' lang='grc' dir='ltr'><strong><em>οἱ</em></strong></span> <span class='ocrx_word' id='word_1_87' title='bbox 1835 807 1944 835; x_wconf 88' lang='grc' dir='ltr'><strong><em>νεω-</em></strong></span> 
     </span>
     <span class='ocr_line' id='line_1_14' title="bbox 272 852 1944 917; baseline 0 -15"><span class='ocrx_word' id='word_1_88' title='bbox 272 860 474 915; x_wconf 88' lang='grc' dir='ltr'><strong><em>τερισταὶ</em></strong></span> <span class='ocrx_word' id='word_1_89' title='bbox 503 857 606 908; x_wconf 68' lang='grc' dir='ltr'><strong><em>τοὺς</em></strong></span> <span class='ocrx_word' id='word_1_90' title='bbox 636 859 742 913; x_wconf 88' lang='grc' dir='ltr'><strong><em>περὶ</em></strong></span> <span class='ocrx_word' id='word_1_91' title='bbox 770 857 849 901; x_wconf 84' lang='grc' dir='ltr'><strong><em>τὸν</em></strong></span> <span class='ocrx_word' id='word_1_92' title='bbox 872 852 1041 900; x_wconf 75' lang='grc' dir='ltr'><strong><em>Ἰούδαν</em></strong></span> <span class='ocrx_word' id='word_1_93' title='bbox 1070 873 1118 900; x_wconf 86' lang='grc' dir='ltr'><strong><em>τε</em></strong></span> <span class='ocrx_word' id='word_1_94' title='bbox 1146 859 1220 901; x_wconf 86' lang='grc' dir='ltr'><strong><em>καὶ</em></strong></span> <span class='ocrx_word' id='word_1_95' title='bbox 1251 861 1473 902; x_wconf 63' lang='grc' dir='ltr'><strong><em>,Ματθίαν</em></strong></span> <span class='ocrx_word' id='word_1_96' title='bbox 1512 858 1722 917; x_wconf 74' lang='grc' dir='ltr'><strong><em>ἐξηγητὰς</em></strong></span> <span class='ocrx_word' id='word_1_97' title='bbox 1750 861 1839 902; x_wconf 78' lang='grc' dir='ltr'><strong><em>τῶν</em></strong></span> <span class='ocrx_word' id='word_1_98' title='bbox 1869 858 1944 903; x_wconf 84' lang='grc' dir='ltr'><strong><em>νό-</em></strong></span> 
     </span>
    </p>
   </div>
   <div class='ocr_carea' id='block_1_11' title="bbox 273 921 2052 984">
    <p class='ocr_par' dir='ltr' id='par_1_12' title="bbox 273 921 2052 984">
     <span class='ocr_line' id='line_1_15' title="bbox 273 921 2052 984; baseline -0.004 -15"><span class='ocrx_word' id='word_1_99' title='bbox 273 944 369 981; x_wconf 91' lang='grc' dir='ltr'><strong><em>μων</em></strong></span> <span class='ocrx_word' id='word_1_100' title='bbox 408 921 670 981; x_wconf 80' lang='grc' dir='ltr'><strong><em>ὀδυρόμενοι</em></strong></span> <span class='ocrx_word' id='word_1_101' title='bbox 709 924 946 975; x_wconf 87' lang='grc' dir='ltr'><strong><em>συστάντες</em></strong></span> <span class='ocrx_word' id='word_1_102' title='bbox 985 923 1030 968; x_wconf 79' lang='grc' dir='ltr'><strong><em>ἐν</em></strong></span> <span class='ocrx_word' id='word_1_103' title='bbox 1066 927 1131 981; x_wconf 75' lang='grc' dir='ltr'><strong><em>τῷ</em></strong></span> <span class='ocrx_word' id='word_1_104' title='bbox 1171 925 1273 982; x_wconf 75' lang='grc' dir='ltr'><strong><em>ἱερῷ</em></strong></span> <span class='ocrx_word' id='word_1_105' title='bbox 1318 929 1487 982; x_wconf 85' lang='grc' dir='ltr'><strong><em>τροφῆς</em></strong></span> <span class='ocrx_word' id='word_1_106' title='bbox 1530 923 1806 984; x_wconf 75' lang='grc' dir='ltr'><strong><em>ηὐποροῦντο</em></strong></span> <span class='ocrx_word' id='word_1_107' title='bbox 1849 936 1946 978; x_wconf 88' lang='grc' dir='ltr'><strong><em>τοῖς</em></strong></span> <span class='ocrx_word' id='word_1_108' title='bbox 1986 944 1991 963; x_wconf 59' lang='lat'><strong><em>³,</em></strong></span> <span class='ocrx_word' id='word_1_109' title='bbox 2049 956 2052 970; x_wconf 31' lang='grc' dir='ltr'>λ</span> 
     </span>
    </p>
   </div>
   <div class='ocr_carea' id='block_1_12' title="bbox 634 986 732 1004">
    <p class='ocr_par' dir='ltr' id='par_1_13' title="bbox 634 986 732 1004">
     <span class='ocr_line' id='line_1_16' title="bbox 634 986 732 1004; baseline 0.01 -3"><span class='ocrx_word' id='word_1_110' title='bbox 634 989 646 1004; x_wconf 84' lang='grc'>)</span> <span class='ocrx_word' id='word_1_111' title='bbox 712 986 732 1002; x_wconf 66' lang='grc' dir='ltr'><strong><em>Ἃ</em></strong></span> 
     </span>
    </p>
   </div>
   <div class='ocr_carea' id='block_1_13' title="bbox 277 989 1998 1052">
    <p class='ocr_par' dir='ltr' id='par_1_14' title="bbox 277 989 1998 1052">
     <span class='ocr_line' id='line_1_17' title="bbox 277 989 1998 1052; baseline 0.002 -15"><span class='ocrx_word' id='word_1_112' title='bbox 277 1003 569 1044; x_wconf 86' lang='grc' dir='ltr'><strong><em>στασιασταῖς</em></strong></span> <span class='ocrx_word' id='word_1_113' title='bbox 600 1010 676 1037; x_wconf 82' lang='grc' dir='ltr'><strong><em>ουκ</em></strong></span> <span class='ocrx_word' id='word_1_114' title='bbox 707 1011 756 1037; x_wconf 92' lang='grc' dir='ltr'><strong><em>ον</em></strong></span> <span class='ocrx_word' id='word_1_115' title='bbox 788 992 832 1036; x_wconf 76' lang='grc' dir='ltr'><strong><em>ἓν</em></strong></span> <span class='ocrx_word' id='word_1_116' title='bbox 865 993 1044 1050; x_wconf 81' lang='grc' dir='ltr'><strong><em>αἰσχύνῃ</em></strong></span> <span class='ocrx_word' id='word_1_117' title='bbox 1075 1002 1298 1048; x_wconf 85' lang='grc' dir='ltr'><strong><em>μεταιτεῖν</em></strong></span> <span class='ocrx_word' id='word_1_118' title='bbox 1330 989 1499 1045; x_wconf 72' lang='grc' dir='ltr'><strong><em>αὐτούς.</em></strong></span> <span class='ocrx_word' id='word_1_119' title='bbox 1558 997 1631 1038; x_wconf 87' lang='grc' dir='ltr'><strong><em>καὶ</em></strong></span> <span class='ocrx_word' id='word_1_120' title='bbox 1663 996 1814 1046; x_wconf 78' lang='grc' dir='ltr'><strong><em>δείσας</em></strong></span> <span class='ocrx_word' id='word_1_121' title='bbox 1835 990 1944 1052; x_wconf 81' lang='grc' dir='ltr'><strong><em>Ἀρ·</em></strong></span> <span class='ocrx_word' id='word_1_122' title='bbox 1996 1039 1998 1042; x_wconf 87' lang='grc'><strong>,</strong></span> 
     </span>
    </p>
   </div>
   <div class='ocr_carea' id='block_1_14' title="bbox 272 1057 1947 1593">
    <p class='ocr_par' dir='ltr' id='par_1_15' title="bbox 272 1057 1947 1593">
     <span class='ocr_line' id='line_1_18' title="bbox 274 1057 1944 1121; baseline 0.001 -17"><span class='ocrx_word' id='word_1_123' title='bbox 274 1063 445 1116; x_wconf 84' lang='grc' dir='ltr'><strong><em>χέλαος,</em></strong></span> <span class='ocrx_word' id='word_1_124' title='bbox 476 1061 534 1117; x_wconf 88' lang='grc' dir='ltr'><strong><em>μὴ</em></strong></span> <span class='ocrx_word' id='word_1_125' title='bbox 567 1065 642 1105; x_wconf 85' lang='grc' dir='ltr'><strong><em>καί</em></strong></span> <span class='ocrx_word' id='word_1_126' title='bbox 669 1079 715 1104; x_wconf 91' lang='grc' dir='ltr'><strong><em>τι</em></strong></span> <span class='ocrx_word' id='word_1_127' title='bbox 746 1060 890 1105; x_wconf 82' lang='grc' dir='ltr'><strong><em>δεινὸν</em></strong></span> <span class='ocrx_word' id='word_1_128' title='bbox 919 1061 1208 1117; x_wconf 83' lang='grc' dir='ltr'><strong><em>βλαστήσειεν</em></strong></span> <span class='ocrx_word' id='word_1_129' title='bbox 1242 1057 1384 1104; x_wconf 72' lang='grc' dir='ltr'><strong><em>αὐτῶν</em></strong></span> <span class='ocrx_word' id='word_1_130' title='bbox 1421 1064 1475 1119; x_wconf 86' lang='grc' dir='ltr'><strong><em>τῇ</em></strong></span> <span class='ocrx_word' id='word_1_131' title='bbox 1515 1058 1729 1121; x_wconf 68' lang='grc' dir='ltr'><strong><em>ἀπονοίᾳ,</em></strong></span> <span class='ocrx_word' id='word_1_132' title='bbox 1770 1066 1944 1118; x_wconf 84' lang='grc' dir='ltr'><strong><em>πέμπει</em></strong></span> 
     </span>
     <span class='ocr_line' id='line_1_19' title="bbox 275 1126 1944 1189; baseline 0.001 -16"><span class='ocrx_word' id='word_1_133' title='bbox 275 1129 464 1186; x_wconf 88' lang='grc' dir='ltr'><strong><em>σπεῖράν</em></strong></span> <span class='ocrx_word' id='word_1_134' title='bbox 493 1146 542 1172; x_wconf 90' lang='grc' dir='ltr'><strong><em>τε</em></strong></span> <span class='ocrx_word' id='word_1_135' title='bbox 572 1126 771 1173; x_wconf 79' lang='grc' dir='ltr'><strong><em>ὁπλιτῶν</em></strong></span> <span class='ocrx_word' id='word_1_136' title='bbox 796 1128 1025 1185; x_wconf 86' lang='grc' dir='ltr'><strong><em>χιλίαρχόν</em></strong></span> <span class='ocrx_word' id='word_1_137' title='bbox 1055 1145 1103 1172; x_wconf 83' lang='grc' dir='ltr'><strong><em>τε</em></strong></span> <span class='ocrx_word' id='word_1_138' title='bbox 1132 1128 1210 1187; x_wconf 76' lang='grc' dir='ltr'><strong><em>τὴν</em></strong></span> <span class='ocrx_word' id='word_1_139' title='bbox 1241 1127 1380 1188; x_wconf 84' lang='grc' dir='ltr'><strong><em>ὁρμὴν</em></strong></span> <span class='ocrx_word' id='word_1_140' title='bbox 1410 1132 1498 1172; x_wconf 83' lang='grc' dir='ltr'><strong><em>τιῦν</em></strong></span> <span class='ocrx_word' id='word_1_141' title='bbox 1521 1128 1812 1189; x_wconf 74' lang='grc' dir='ltr'><strong><em>ἐνεστηκότων</em></strong></span> <span class='ocrx_word' id='word_1_142' title='bbox 1832 1129 1944 1187; x_wconf 90' lang='grc' dir='ltr'><strong><em>πρό-</em></strong></span> 
     </span>
     <span class='ocr_line' id='line_1_20' title="bbox 272 1195 1944 1258; baseline 0.001 -17"><span class='ocrx_word' id='word_1_143' title='bbox 272 1215 400 1255; x_wconf 89' lang='grc' dir='ltr'><strong><em>τερον</em></strong></span> <span class='ocrx_word' id='word_1_144' title='bbox 428 1197 507 1240; x_wconf 84' lang='grc' dir='ltr'><strong><em>τὸν</em></strong></span> <span class='ocrx_word' id='word_1_145' title='bbox 537 1196 686 1240; x_wconf 89' lang='grc' dir='ltr'><strong><em>πάντα</em></strong></span> <span class='ocrx_word' id='word_1_146' title='bbox 725 1196 882 1251; x_wconf 78' lang='grc' dir='ltr'><strong><em>ὅμιλον</em></strong></span> <span class='ocrx_word' id='word_1_147' title='bbox 919 1199 998 1240; x_wconf 79' lang='grc' dir='ltr'><strong><em>τοῦ</em></strong></span> <span class='ocrx_word' id='word_1_148' title='bbox 1036 1196 1288 1251; x_wconf 82' lang='grc' dir='ltr'><strong><em>μανιώδους</em></strong></span> <span class='ocrx_word' id='word_1_149' title='bbox 1327 1195 1470 1240; x_wconf 76' lang='grc' dir='ltr'><strong><em>αὐτῶν</em></strong></span> <span class='ocrx_word' id='word_1_150' title='bbox 1506 1198 1630 1241; x_wconf 84' lang='grc' dir='ltr'><strong><em>πλέω</em></strong></span> <span class='ocrx_word' id='word_1_151' title='bbox 1657 1201 1944 1258; x_wconf 85' lang='grc' dir='ltr'><strong><em>καταστῆναι,</em></strong></span> 
     </span>
     <span class='ocr_line' id='line_1_21' title="bbox 272 1261 1946 1324; baseline 0.001 -16"><span class='ocrx_word' id='word_1_152' title='bbox 272 1268 346 1308; x_wconf 81' lang='grc' dir='ltr'><strong><em>καὶ</em></strong></span> <span class='ocrx_word' id='word_1_153' title='bbox 379 1265 422 1308; x_wconf 77' lang='grc' dir='ltr'><strong><em>εἴ</em></strong></span> <span class='ocrx_word' id='word_1_154' title='bbox 448 1281 564 1316; x_wconf 85' lang='grc' dir='ltr'><strong><em>τινες</em></strong></span> <span class='ocrx_word' id='word_1_155' title='bbox 596 1264 800 1322; x_wconf 84' lang='grc' dir='ltr'><strong><em>διάδηλοι</em></strong></span> <span class='ocrx_word' id='word_1_156' title='bbox 831 1264 947 1308; x_wconf 80' lang='grc' dir='ltr'><strong><em>πολὺ</em></strong></span> <span class='ocrx_word' id='word_1_157' title='bbox 978 1267 1066 1308; x_wconf 81' lang='grc' dir='ltr'><strong><em>τῶν</em></strong></span> <span class='ocrx_word' id='word_1_158' title='bbox 1098 1261 1243 1308; x_wconf 72' lang='grc' dir='ltr'><strong><em>ἄλλων</em></strong></span> <span class='ocrx_word' id='word_1_159' title='bbox 1272 1269 1568 1310; x_wconf 81' lang='grc' dir='ltr'><strong><em>καθίσταιντο</em></strong></span> <span class='ocrx_word' id='word_1_160' title='bbox 1600 1269 1838 1324; x_wconf 73' lang='grc' dir='ltr'><strong><em>προθυμίᾳ</em></strong></span> <span class='ocrx_word' id='word_1_161' title='bbox 1865 1267 1946 1309; x_wconf 85' lang='grc' dir='ltr'><strong><em>τοῦ</em></strong></span> 
     </span>
     <span class='ocr_line' id='line_1_22' title="bbox 276 1328 1945 1392; baseline 0.001 -17"><span class='ocrx_word' id='word_1_162' title='bbox 276 1329 529 1385; x_wconf 77' lang='grc' dir='ltr'><strong><em>στασιάζειν</em></strong></span> <span class='ocrx_word' id='word_1_163' title='bbox 561 1328 638 1375; x_wconf 72' lang='grc' dir='ltr'><strong><em>ἐπ’</em></strong></span> <span class='ocrx_word' id='word_1_164' title='bbox 676 1329 809 1375; x_wconf 70' lang='grc' dir='ltr'><strong><em>αὐτὸν</em></strong></span> <span class='ocrx_word' id='word_1_165' title='bbox 841 1329 1032 1390; x_wconf 73' lang='grc' dir='ltr'><strong><em>ἀγαγεῖν.</em></strong></span> <span class='ocrx_word' id='word_1_166' title='bbox 1093 1332 1170 1376; x_wconf 75' lang='grc' dir='ltr'><strong><em>ἐπὶ</em></strong></span> <span class='ocrx_word' id='word_1_167' title='bbox 1199 1333 1343 1390; x_wconf 77' lang='grc' dir='ltr'><strong><em>τούτῳ</em></strong></span> <span class='ocrx_word' id='word_1_168' title='bbox 1383 1334 1426 1377; x_wconf 80' lang='grc' dir='ltr'><strong><em>οἱ</em></strong></span> <span class='ocrx_word' id='word_1_169' title='bbox 1457 1336 1704 1377; x_wconf 79' lang='grc' dir='ltr'><strong><em>στασιῶται</em></strong></span> <span class='ocrx_word' id='word_1_170' title='bbox 1730 1336 1819 1377; x_wconf 85' lang='grc' dir='ltr'><strong><em>τιῦν</em></strong></span> <span class='ocrx_word' id='word_1_171' title='bbox 1847 1332 1945 1392; x_wconf 75' lang='grc' dir='ltr'><strong><em>ἐξη-</em></strong></span> 
     </span>
     <span class='ocr_line' id='line_1_23' title="bbox 272 1400 1946 1459; baseline 0.001 -16"><span class='ocrx_word' id='word_1_172' title='bbox 272 1403 416 1458; x_wconf 77' lang='grc' dir='ltr'><strong><em>γητῶν</em></strong></span> <span class='ocrx_word' id='word_1_173' title='bbox 453 1402 527 1444; x_wconf 86' lang='grc' dir='ltr'><strong><em>καὶ</em></strong></span> <span class='ocrx_word' id='word_1_174' title='bbox 565 1400 615 1444; x_wconf 81' lang='grc' dir='ltr'><strong><em>τὸ</em></strong></span> <span class='ocrx_word' id='word_1_175' title='bbox 656 1402 836 1458; x_wconf 82' lang='grc' dir='ltr'><strong><em>πλῆθος</em></strong></span> <span class='ocrx_word' id='word_1_176' title='bbox 873 1400 1110 1458; x_wconf 75' lang='grc' dir='ltr'><strong><em>ἐξηγρίωσε</em></strong></span> <span class='ocrx_word' id='word_1_177' title='bbox 1146 1404 1230 1459; x_wconf 83' lang='grc' dir='ltr'><strong><em>βοῇ</em></strong></span> <span class='ocrx_word' id='word_1_178' title='bbox 1274 1403 1346 1445; x_wconf 86' lang='grc' dir='ltr'><strong><em>καὶ</em></strong></span> <span class='ocrx_word' id='word_1_179' title='bbox 1387 1401 1687 1458; x_wconf 71' lang='grc' dir='ltr'><strong><em>διακελευσμῷ</em></strong></span> <span class='ocrx_word' id='word_1_180' title='bbox 1726 1400 1946 1458; x_wconf 86' lang='grc' dir='ltr'><strong><em>χρώμενοι</em></strong></span> 
     </span>
     <span class='ocr_line' id='line_1_24' title="bbox 273 1467 1947 1526; baseline 0.001 -15"><span class='ocrx_word' id='word_1_181' title='bbox 273 1468 483 1526; x_wconf 74' lang='grc' dir='ltr'><strong><em>ὥρμησάν</em></strong></span> <span class='ocrx_word' id='word_1_182' title='bbox 521 1485 570 1511; x_wconf 88' lang='grc' dir='ltr'><strong><em>τε</em></strong></span> <span class='ocrx_word' id='word_1_183' title='bbox 609 1467 686 1511; x_wconf 77' lang='grc' dir='ltr'><strong><em>ἐπὶ</em></strong></span> <span class='ocrx_word' id='word_1_184' title='bbox 724 1468 827 1520; x_wconf 78' lang='grc' dir='ltr'><strong><em>τοὺς</em></strong></span> <span class='ocrx_word' id='word_1_185' title='bbox 865 1468 1141 1525; x_wconf 81' lang='grc' dir='ltr'><strong><em>στρατιώτας</em></strong></span> <span class='ocrx_word' id='word_1_186' title='bbox 1177 1470 1252 1512; x_wconf 83' lang='grc' dir='ltr'><strong><em>καὶ</em></strong></span> <span class='ocrx_word' id='word_1_187' title='bbox 1294 1469 1582 1524; x_wconf 88' lang='grc' dir='ltr'><strong><em>περιστάντες</em></strong></span> <span class='ocrx_word' id='word_1_188' title='bbox 1612 1469 1814 1513; x_wconf 84' lang='grc' dir='ltr'><strong><em>λεύουσιν</em></strong></span> <span class='ocrx_word' id='word_1_189' title='bbox 1843 1469 1947 1520; x_wconf 78' lang='grc' dir='ltr'><strong><em>τοὺς</em></strong></span> 
     </span>
     <span class='ocr_line' id='line_1_25' title="bbox 274 1531 1946 1593; baseline 0.002 -15"><span class='ocrx_word' id='word_1_190' title='bbox 274 1538 512 1586; x_wconf 77' lang='grc' dir='ltr'><strong><em>πλείστους</em></strong></span> <span class='ocrx_word' id='word_1_191' title='bbox 545 1531 699 1580; x_wconf 68' lang='grc' dir='ltr'><strong><em>αὐτῶν.</em></strong></span> <span class='ocrx_word' id='word_1_192' title='bbox 755 1532 900 1593; x_wconf 77' lang='grc' dir='ltr'><strong><em>ὀλίγοι</em></strong></span> <span class='ocrx_word' id='word_1_193' title='bbox 939 1537 988 1579; x_wconf 89' lang='grc' dir='ltr'><strong><em>δέ</em></strong></span> <span class='ocrx_word' id='word_1_194' title='bbox 1006 1553 1123 1587; x_wconf 90' lang='grc' dir='ltr'><strong><em>τινες</em></strong></span> <span class='ocrx_word' id='word_1_195' title='bbox 1152 1534 1269 1580; x_wconf 82' lang='grc' dir='ltr'><strong><em>καὶὸ</em></strong></span> <span class='ocrx_word' id='word_1_196' title='bbox 1297 1538 1524 1592; x_wconf 88' lang='grc' dir='ltr'><strong><em>χιλίαρχος</em></strong></span> <span class='ocrx_word' id='word_1_197' title='bbox 1552 1541 1824 1592; x_wconf 88' lang='grc' dir='ltr'><strong><em>τραυματίαι</em></strong></span> <span class='ocrx_word' id='word_1_198' title='bbox 1854 1537 1946 1581; x_wconf 86' lang='grc' dir='ltr'><strong><em>διέ-</em></strong></span> 
     </span>
    </p>
   </div>
   <div class='ocr_carea' id='block_1_15' title="bbox 275 1603 1948 1662">
    <p class='ocr_par' dir='ltr' id='par_1_16' title="bbox 275 1603 2001 1662">
     <span class='ocr_line' id='line_1_26' title="bbox 275 1603 1948 1662; baseline 0.001 -15"><span class='ocrx_word' id='word_1_199' title='bbox 275 1621 427 1662; x_wconf 84' lang='grc' dir='ltr'><strong><em>φυγον.</em></strong></span> <span class='ocrx_word' id='word_1_200' title='bbox 487 1606 561 1647; x_wconf 86' lang='grc' dir='ltr'><strong><em>καὶ</em></strong></span> <span class='ocrx_word' id='word_1_201' title='bbox 596 1614 691 1655; x_wconf 87' lang='grc' dir='ltr'><strong><em>τοῖς</em></strong></span> <span class='ocrx_word' id='word_1_202' title='bbox 730 1605 810 1658; x_wconf 80' lang='grc' dir='ltr'><strong><em>μὲν</em></strong></span> <span class='ocrx_word' id='word_1_203' title='bbox 849 1607 989 1648; x_wconf 79' lang='grc' dir='ltr'><strong><em>ταῦτα</em></strong></span> <span class='ocrx_word' id='word_1_204' title='bbox 1027 1604 1251 1661; x_wconf 78' lang='grc' dir='ltr'><strong><em>πράξασιν</em></strong></span> <span class='ocrx_word' id='word_1_205' title='bbox 1283 1603 1358 1648; x_wconf 80' lang='grc' dir='ltr'><strong><em>διὰ</em></strong></span> <span class='ocrx_word' id='word_1_206' title='bbox 1390 1608 1551 1660; x_wconf 79' lang='grc' dir='ltr'><strong><em>χειρῶν</em></strong></span> <span class='ocrx_word' id='word_1_207' title='bbox 1583 1604 1718 1656; x_wconf 81' lang='grc' dir='ltr'><strong><em>αὖθις</em></strong></span> <span class='ocrx_word' id='word_1_208' title='bbox 1747 1603 1782 1662; x_wconf 83' lang='grc' dir='ltr'>ἡ</span> <span class='ocrx_word' id='word_1_209' title='bbox 1804 1608 1948 1649; x_wconf 73' lang='grc' dir='ltr'><strong><em>θυσία</em></strong></span> 
     </span>
    </p>
   </div>
   <div class='ocr_carea' id='block_1_16' title="bbox 273 1668 1946 1799">
    <p class='ocr_par' dir='ltr' id='par_1_17' title="bbox 273 1668 1946 1799">
     <span class='ocr_line' id='line_1_27' title="bbox 275 1668 1946 1732; baseline 0.001 -18"><span class='ocrx_word' id='word_1_210' title='bbox 275 1672 348 1731; x_wconf 74' lang='grc' dir='ltr'><strong><em>ην·</em></strong></span> <span class='ocrx_word' id='word_1_211' title='bbox 383 1668 610 1729; x_wconf 77' lang='grc' dir='ltr'><strong><em>Ἀρχελάῳ</em></strong></span> <span class='ocrx_word' id='word_1_212' title='bbox 642 1672 690 1715; x_wconf 78' lang='grc' dir='ltr'><strong><em>δὲ</em></strong></span> <span class='ocrx_word' id='word_1_213' title='bbox 721 1669 894 1727; x_wconf 78' lang='grc' dir='ltr'><strong><em>ἕῖπορον</em></strong></span> <span class='ocrx_word' id='word_1_214' title='bbox 926 1669 1067 1716; x_wconf 73' lang='grc' dir='ltr'><strong><em>ἐδόκει</em></strong></span> <span class='ocrx_word' id='word_1_215' title='bbox 1098 1673 1327 1725; x_wconf 79' lang='grc' dir='ltr'><strong><em>σώζεσθαι</em></strong></span> <span class='ocrx_word' id='word_1_216' title='bbox 1357 1672 1412 1715; x_wconf 79' lang='grc' dir='ltr'><strong><em>τὰ</em></strong></span> <span class='ocrx_word' id='word_1_217' title='bbox 1443 1673 1592 1716; x_wconf 92' lang='grc' dir='ltr'><strong><em>πάντα</em></strong></span> <span class='ocrx_word' id='word_1_218' title='bbox 1629 1672 1689 1732; x_wconf 83' lang='grc' dir='ltr'><strong><em>μὴ</em></strong></span> <span class='ocrx_word' id='word_1_219' title='bbox 1730 1669 1807 1716; x_wconf 71' lang='grc' dir='ltr'><strong><em>οὖν.</em></strong></span> <span class='ocrx_word' id='word_1_220' title='bbox 1837 1669 1946 1717; x_wconf 76' lang='grc' dir='ltr'><strong><em>ἂνα-</em></strong></span> 
     </span>
     <span class='ocr_line' id='line_1_28' title="bbox 273 1738 1943 1799; baseline 0.001 -15"><span class='ocrx_word' id='word_1_221' title='bbox 273 1741 432 1796; x_wconf 81' lang='grc' dir='ltr'><strong><em>κόψειν</em></strong></span> <span class='ocrx_word' id='word_1_222' title='bbox 462 1739 540 1798; x_wconf 77' lang='grc' dir='ltr'><strong><em>τὴν</em></strong></span> <span class='ocrx_word' id='word_1_223' title='bbox 572 1739 647 1783; x_wconf 76' lang='grc' dir='ltr'><strong><em>ἐπὶ</em></strong></span> <span class='ocrx_word' id='word_1_224' title='bbox 679 1741 877 1784; x_wconf 88' lang='grc' dir='ltr'><strong><em>τοιοῖσδε</em></strong></span> <span class='ocrx_word' id='word_1_225' title='bbox 908 1738 1047 1799; x_wconf 79' lang='grc' dir='ltr'><strong><em>ὁρμὴν</em></strong></span> <span class='ocrx_word' id='word_1_226' title='bbox 1076 1743 1152 1798; x_wconf 82' lang='grc' dir='ltr'><strong><em>τῆς</em></strong></span> <span class='ocrx_word' id='word_1_227' title='bbox 1183 1740 1409 1798; x_wconf 74' lang='grc' dir='ltr'><strong><em>πληθύος,</em></strong></span> <span class='ocrx_word' id='word_1_228' title='bbox 1443 1740 1663 1796; x_wconf 75' lang='grc' dir='ltr'><strong><em>ἐκπέμπει</em></strong></span> <span class='ocrx_word' id='word_1_229' title='bbox 1693 1741 1741 1784; x_wconf 83' lang='grc' dir='ltr'><strong><em>δὲ</em></strong></span> <span class='ocrx_word' id='word_1_230' title='bbox 1770 1743 1864 1785; x_wconf 84' lang='grc' dir='ltr'><strong><em>πᾶν</em></strong></span> <span class='ocrx_word' id='word_1_231' title='bbox 1891 1739 1943 1785; x_wconf 82' lang='grc' dir='ltr'><strong><em>τὸ</em></strong></span> 
     </span>
    </p>
   </div>
   <div class='ocr_carea' id='block_1_17' title="bbox 392 1866 926 1910">
    <p class='ocr_par' dir='ltr' id='par_1_18' title="bbox 392 1866 926 1910">
     <span class='ocr_line' id='line_1_29' title="bbox 392 1866 926 1910; baseline 0 -10"><span class='ocrx_word' id='word_1_232' title='bbox 392 1868 413 1910; x_wconf 63' lang='grc' dir='ltr'><strong>ξ</strong></span> <span class='ocrx_word' id='word_1_233' title='bbox 440 1868 504 1902; x_wconf 85' lang='lat'><strong><em>213</em></strong></span> <span class='ocrx_word' id='word_1_234' title='bbox 529 1883 574 1896; x_wconf 91' lang='lat'>=</span> <span class='ocrx_word' id='word_1_235' title='bbox 596 1866 679 1901; x_wconf 83' lang='lat' dir='ltr'>beu.</span> <span class='ocrx_word' id='word_1_236' title='bbox 705 1866 784 1901; x_wconf 78' lang='lat' dir='ltr'>Iud.</span> <span class='ocrx_word' id='word_1_237' title='bbox 811 1866 847 1901; x_wconf 91' lang='lat'><strong><em>11</em></strong></span> <span class='ocrx_word' id='word_1_238' title='bbox 873 1869 926 1902; x_wconf 87' lang='lat'><strong><em>10.</em></strong></span> 
     </span>
    </p>
   </div>
   <div class='ocr_carea' id='block_1_18' title="bbox 273 1966 1946 2127">
    <p class='ocr_par' dir='ltr' id='par_1_19' title="bbox 273 1966 1946 2127">
     <span class='ocr_line' id='line_1_30' title="bbox 386 1966 1148 2023; baseline 0.003 -22"><span class='ocrx_word' id='word_1_239' title='bbox 386 1966 772 2021; x_wconf 59' lang='lat' dir='ltr'><strong>PAMELatZonarap</strong></span> <span class='ocrx_word' id='word_1_240' title='bbox 795 1967 813 2002; x_wconf 96' lang='lat' dir='ltr'>I</span> <span class='ocrx_word' id='word_1_241' title='bbox 836 1979 872 2012; x_wconf 90' lang='lat' dir='ltr'><strong><em>p.</em></strong></span> <span class='ocrx_word' id='word_1_242' title='bbox 899 1970 977 2003; x_wconf 75' lang='lat'><strong>466.</strong></span> <span class='ocrx_word' id='word_1_243' title='bbox 1128 2002 1148 2023; x_wconf 72' lang='lat'><em>⁰</em></span> 
     </span>
     <span class='ocr_line' id='line_1_31' title="bbox 389 2020 1946 2071; baseline 0.002 -13"><span class='ocrx_word' id='word_1_244' title='bbox 389 2026 408 2058; x_wconf 89' lang='lat'><strong>3</strong></span> <span class='ocrx_word' id='word_1_245' title='bbox 434 2023 472 2059; x_wconf 78' lang='grc' dir='ltr'><strong><em>δὲ</em></strong></span> <span class='ocrx_word' id='word_1_246' title='bbox 498 2033 567 2058; x_wconf 88' lang='lat' dir='ltr'><strong><em>om.</em></strong></span> <span class='ocrx_word' id='word_1_247' title='bbox 593 2023 626 2058; x_wconf 87' lang='lat' dir='ltr'><strong>E</strong></span> <span class='ocrx_word' id='word_1_248' title='bbox 713 2024 762 2069; x_wconf 72' lang='grc' dir='ltr'><strong><em>*ᾗ</em></strong></span> <span class='ocrx_word' id='word_1_249' title='bbox 788 2034 855 2059; x_wconf 91' lang='lat' dir='ltr'><strong><em>om.</em></strong></span> <span class='ocrx_word' id='word_1_250' title='bbox 881 2025 915 2059; x_wconf 88' lang='lat' dir='ltr'>A</span> <span class='ocrx_word' id='word_1_251' title='bbox 996 2027 1018 2058; x_wconf 74' lang='lat'>4</span> <span class='ocrx_word' id='word_1_252' title='bbox 1041 2025 1351 2069; x_wconf 73' lang='grc' dir='ltr'><strong><em>*προστίθεσθαι</em></strong></span> <span class='ocrx_word' id='word_1_253' title='bbox 1369 2026 1403 2057; x_wconf 89' lang='grc' dir='ltr'><strong>Α</strong></span> <span class='ocrx_word' id='word_1_254' title='bbox 1478 2020 1609 2070; x_wconf 83' lang='grc' dir='ltr'><strong><em>πάσχα</em></strong></span> <span class='ocrx_word' id='word_1_255' title='bbox 1634 2023 1781 2059; x_wconf 80' lang='lat' dir='ltr'><strong>MELat</strong></span> <span class='ocrx_word' id='word_1_256' title='bbox 1849 2020 1886 2061; x_wconf 82' lang='grc' dir='ltr'><strong><em>δ’</em></strong></span> <span class='ocrx_word' id='word_1_257' title='bbox 1911 2020 1946 2071; x_wconf 75' lang='grc' dir='ltr'><strong><em>ἡ]</em></strong></span> 
     </span>
     <span class='ocr_line' id='line_1_32' title="bbox 273 2072 1865 2127; baseline -0.001 -10"><span class='ocrx_word' id='word_1_258' title='bbox 273 2082 311 2118; x_wconf 81' lang='grc' dir='ltr'><strong><em>δὲ</em></strong></span> <span class='ocrx_word' id='word_1_259' title='bbox 335 2080 364 2115; x_wconf 89' lang='grc' dir='ltr'>Ρ</span> <span class='ocrx_word' id='word_1_260' title='bbox 389 2080 428 2117; x_wconf 80' lang='grc' dir='ltr'><strong><em>δὲ</em></strong></span> <span class='ocrx_word' id='word_1_261' title='bbox 452 2076 472 2126; x_wconf 76' lang='grc' dir='ltr'><em>ἢ</em></span> <span class='ocrx_word' id='word_1_262' title='bbox 498 2079 605 2114; x_wconf 84' lang='grc' dir='ltr'><strong>ΑΜΕ</strong></span> <span class='ocrx_word' id='word_1_263' title='bbox 699 2083 718 2114; x_wconf 83' lang='grc'>5</span> <span class='ocrx_word' id='word_1_264' title='bbox 744 2075 895 2127; x_wconf 78' lang='grc' dir='ltr'><strong><em>*αὖτὴν1</em></strong></span> <span class='ocrx_word' id='word_1_265' title='bbox 922 2076 1040 2126; x_wconf 75' lang='grc' dir='ltr'><strong><em>αὖτῆι,</em></strong></span> <span class='ocrx_word' id='word_1_266' title='bbox 1063 2095 1075 2116; x_wconf 90' lang='grc' dir='ltr'><strong><em>ι</em></strong></span> <span class='ocrx_word' id='word_1_267' title='bbox 1099 2081 1121 2115; x_wconf 94' lang='lat' dir='ltr'><strong><em>i.</em></strong></span> <span class='ocrx_word' id='word_1_268' title='bbox 1148 2091 1220 2116; x_wconf 83' lang='lat' dir='ltr'>ras.</span> <span class='ocrx_word' id='word_1_269' title='bbox 1246 2080 1280 2115; x_wconf 89' lang='lat' dir='ltr'>A</span> <span class='ocrx_word' id='word_1_270' title='bbox 1372 2082 1392 2114; x_wconf 87' lang='lat'><strong>6</strong></span> <span class='ocrx_word' id='word_1_271' title='bbox 1416 2075 1501 2121; x_wconf 81' lang='grc' dir='ltr'><strong><em>*ὦς]</em></strong></span> <span class='ocrx_word' id='word_1_272' title='bbox 1523 2072 1602 2118; x_wconf 72' lang='grc' dir='ltr'><strong><em>,ὅσα</em></strong></span> <span class='ocrx_word' id='word_1_273' title='bbox 1629 2079 1865 2116; x_wconf 77' lang='lat' dir='ltr'>casaubonus</span> 
     </span>
    </p>
   </div>
   <div class='ocr_carea' id='block_1_19' title="bbox 275 2134 1900 2185">
    <p class='ocr_par' dir='ltr' id='par_1_20' title="bbox 275 2134 1900 2185">
     <span class='ocr_line' id='line_1_33' title="bbox 275 2134 1900 2185; baseline -0.001 -11"><span class='ocrx_word' id='word_1_274' title='bbox 275 2140 294 2173; x_wconf 86' lang='grc'>8</span> <span class='ocrx_word' id='word_1_275' title='bbox 320 2134 568 2185; x_wconf 70' lang='grc' dir='ltr'><strong><em>*ὕπερορίας1</em></strong></span> <span class='ocrx_word' id='word_1_276' title='bbox 593 2137 774 2171; x_wconf 74' lang='lat' dir='ltr'><em>montanis</em></span> <span class='ocrx_word' id='word_1_277' title='bbox 798 2137 887 2172; x_wconf 77' lang='lat' dir='ltr'><em>locis</em></span> <span class='ocrx_word' id='word_1_278' title='bbox 909 2137 982 2173; x_wconf 79' lang='lat' dir='ltr'><strong><em>Lat</em></strong></span> <span class='ocrx_word' id='word_1_279' title='bbox 1113 2135 1213 2179; x_wconf 58' lang='lat' dir='ltr'><strong><em>*gv-ti]</em></strong></span> <span class='ocrx_word' id='word_1_280' title='bbox 1240 2137 1333 2173; x_wconf 84' lang='grc' dir='ltr'><strong><em>εἰσὶν</em></strong></span> <span class='ocrx_word' id='word_1_281' title='bbox 1356 2135 1418 2173; x_wconf 75' lang='grc' dir='ltr'><strong><em>ἐπὶ</em></strong></span> <span class='ocrx_word' id='word_1_282' title='bbox 1442 2135 1470 2170; x_wconf 90' lang='grc' dir='ltr'>Ρ</span> <span class='ocrx_word' id='word_1_283' title='bbox 1586 2139 1605 2171; x_wconf 86' lang='grc'>9</span> <span class='ocrx_word' id='word_1_284' title='bbox 1631 2149 1673 2172; x_wconf 87' lang='grc' dir='ltr'><strong><em>τε</em></strong></span> <span class='ocrx_word' id='word_1_285' title='bbox 1697 2147 1766 2172; x_wconf 88' lang='lat' dir='ltr'><strong><em>om.</em></strong></span> <span class='ocrx_word' id='word_1_286' title='bbox 1790 2136 1900 2172; x_wconf 83' lang='grc' dir='ltr'><strong>ΑΜΕ</strong></span> 
     </span>
    </p>
   </div>
   <div class='ocr_carea' id='block_1_20' title="bbox 276 2194 1945 2264">
    <p class='ocr_par' dir='ltr' id='par_1_21' title="bbox 276 2194 1945 2264">
     <span class='ocr_line' id='line_1_34' title="bbox 276 2194 1945 2264; baseline 0.001 -12"><span class='ocrx_word' id='word_1_287' title='bbox 276 2221 316 2252; x_wconf 84' lang='grc'>10</span> <span class='ocrx_word' id='word_1_288' title='bbox 342 2194 817 2264; x_wconf 55' lang='grc' dir='ltr'><strong><em>*όδυρομένουσσέτάντεσ</em></strong></span> <span class='ocrx_word' id='word_1_289' title='bbox 843 2216 883 2251; x_wconf 89' lang='grc' dir='ltr'><strong>Μ</strong></span> <span class='ocrx_word' id='word_1_290' title='bbox 991 2211 1264 2264; x_wconf 73' lang='grc' dir='ltr'><strong><em>·εὖποροῦντο,</em></strong></span> <span class='ocrx_word' id='word_1_291' title='bbox 1289 2229 1330 2252; x_wconf 83' lang='grc' dir='ltr'><strong><em>ευ</em></strong></span> <span class='ocrx_word' id='word_1_292' title='bbox 1353 2226 1399 2250; x_wconf 81' lang='lat' dir='ltr'><strong><em>ex</em></strong></span> <span class='ocrx_word' id='word_1_293' title='bbox 1424 2228 1443 2251; x_wconf 72' lang='grc' dir='ltr'><strong><em>ι·</em></strong></span> <span class='ocrx_word' id='word_1_294' title='bbox 1468 2225 1559 2250; x_wconf 84' lang='lat' dir='ltr'>corr.</span> <span class='ocrx_word' id='word_1_295' title='bbox 1585 2216 1618 2250; x_wconf 89' lang='lat' dir='ltr'>A</span> <span class='ocrx_word' id='word_1_296' title='bbox 1643 2211 1881 2261; x_wconf 80' lang='grc' dir='ltr'><strong><em>εὐποροῦντο</em></strong></span> <span class='ocrx_word' id='word_1_297' title='bbox 1905 2215 1945 2252; x_wconf 87' lang='grc' dir='ltr'><strong>Μ</strong></span> 
     </span>
    </p>
   </div>
   <div class='ocr_carea' id='block_1_21' title="bbox 273 2267 1947 2490">
    <p class='ocr_par' dir='ltr' id='par_1_22' title="bbox 274 2267 1946 2320">
     <span class='ocr_line' id='line_1_35' title="bbox 274 2267 1946 2320; baseline -0.002 -9"><span class='ocrx_word' id='word_1_298' title='bbox 274 2269 529 2320; x_wconf 76' lang='grc' dir='ltr'><strong><em>εὖποροῦνται</em></strong></span> <span class='ocrx_word' id='word_1_299' title='bbox 553 2273 586 2309; x_wconf 90' lang='grc' dir='ltr'><strong>Ε</strong></span> <span class='ocrx_word' id='word_1_300' title='bbox 682 2277 721 2309; x_wconf 96' lang='grc'><strong><em>11</em></strong></span> <span class='ocrx_word' id='word_1_301' title='bbox 750 2270 982 2310; x_wconf 83' lang='grc' dir='ltr'><strong><em>στασιώταισ</em></strong></span> <span class='ocrx_word' id='word_1_302' title='bbox 1004 2273 1072 2307; x_wconf 87' lang='grc' dir='ltr'><strong>ΑΕ</strong></span> <span class='ocrx_word' id='word_1_303' title='bbox 1180 2272 1221 2309; x_wconf 72' lang='grc' dir='ltr'><strong><em>ἐν</em></strong></span> <span class='ocrx_word' id='word_1_304' title='bbox 1245 2283 1311 2308; x_wconf 88' lang='lat' dir='ltr'><strong><em>om.</em></strong></span> <span class='ocrx_word' id='word_1_305' title='bbox 1337 2272 1411 2307; x_wconf 87' lang='lat' dir='ltr'><strong><em>ME</em></strong></span> <span class='ocrx_word' id='word_1_306' title='bbox 1505 2267 1653 2315; x_wconf 76' lang='grc' dir='ltr'><strong><em>αὐτούς]</em></strong></span> <span class='ocrx_word' id='word_1_307' title='bbox 1680 2269 1747 2318; x_wconf 82' lang='grc' dir='ltr'><strong><em>τὴν</em></strong></span> <span class='ocrx_word' id='word_1_308' title='bbox 1771 2268 1888 2319; x_wconf 76' lang='grc' dir='ltr'><strong><em>αὐτήν</em></strong></span> <span class='ocrx_word' id='word_1_309' title='bbox 1911 2272 1946 2308; x_wconf 89' lang='grc' dir='ltr'><strong>Ε</strong></span> 
     </span>
    </p>

    <p class='ocr_par' dir='ltr' id='par_1_23' title="bbox 273 2324 1947 2490">
     <span class='ocr_line' id='line_1_36' title="bbox 393 2324 1947 2377; baseline 0 -13"><span class='ocrx_word' id='word_1_310' title='bbox 393 2333 431 2365; x_wconf 84' lang='lat'><strong><em>12</em></strong></span> <span class='ocrx_word' id='word_1_311' title='bbox 457 2330 613 2377; x_wconf 79' lang='grc' dir='ltr'><strong><em>*μηκέτι</em></strong></span> <span class='ocrx_word' id='word_1_312' title='bbox 639 2326 764 2367; x_wconf 84' lang='grc' dir='ltr'><strong><em>δεινὸν</em></strong></span> <span class='ocrx_word' id='word_1_313' title='bbox 787 2331 827 2366; x_wconf 89' lang='grc' dir='ltr'><strong>Μ</strong></span> <span class='ocrx_word' id='word_1_314' title='bbox 930 2332 969 2364; x_wconf 87' lang='grc'><strong><em>13</em></strong></span> <span class='ocrx_word' id='word_1_315' title='bbox 995 2327 1063 2377; x_wconf 80' lang='grc' dir='ltr'><strong><em>τὴν</em></strong></span> <span class='ocrx_word' id='word_1_316' title='bbox 1088 2325 1211 2376; x_wconf 69' lang='grc' dir='ltr'><strong><em>ὁρμὴν</em></strong></span> <span class='ocrx_word' id='word_1_317' title='bbox 1236 2350 1278 2354; x_wconf 86' lang='grc'>-</span> <span class='ocrx_word' id='word_1_318' title='bbox 1306 2332 1347 2364; x_wconf 86' lang='grc'>16</span> <span class='ocrx_word' id='word_1_319' title='bbox 1372 2324 1542 2376; x_wconf 84' lang='grc' dir='ltr'><strong><em>οἷγαγεῖν]</em></strong></span> <span class='ocrx_word' id='word_1_320' title='bbox 1568 2334 1606 2363; x_wconf 81' lang='lat' dir='ltr'><strong><em>ut</em></strong></span> <span class='ocrx_word' id='word_1_321' title='bbox 1630 2340 1756 2364; x_wconf 76' lang='lat' dir='ltr'><strong><em>eorum</em></strong></span> <span class='ocrx_word' id='word_1_322' title='bbox 1780 2332 1947 2366; x_wconf 62' lang='lat' dir='ltr'><em>coe&#39;rveat</em></span> 
     </span>
     <span class='ocr_line' id='line_1_37' title="bbox 274 2385 1947 2433; baseline 0 -12"><span class='ocrx_word' id='word_1_323' title='bbox 274 2387 444 2433; x_wconf 48' lang='lat' dir='ltr'><strong><em>‘impetum</em></strong></span> <span class='ocrx_word' id='word_1_324' title='bbox 470 2391 504 2422; x_wconf 80' lang='lat' dir='ltr'><strong><em>el</em></strong></span> <span class='ocrx_word' id='word_1_325' title='bbox 526 2387 685 2432; x_wconf 78' lang='lat' dir='ltr'><em>primum</em></span> <span class='ocrx_word' id='word_1_326' title='bbox 709 2386 853 2433; x_wconf 81' lang='lat' dir='ltr'><em>quidem</em></span> <span class='ocrx_word' id='word_1_327' title='bbox 878 2391 918 2421; x_wconf 80' lang='lat' dir='ltr'><strong><em>ut</em></strong></span> <span class='ocrx_word' id='word_1_328' title='bbox 942 2386 1025 2421; x_wconf 71' lang='lat' dir='ltr'><em>illos</em></span> <span class='ocrx_word' id='word_1_329' title='bbox 1047 2386 1237 2421; x_wconf 76' lang='lat' dir='ltr'><em>seditiosos</em></span> <span class='ocrx_word' id='word_1_330' title='bbox 1260 2385 1477 2432; x_wconf 59' lang='lat' dir='ltr'><strong><em>repellerent</em></strong></span> <span class='ocrx_word' id='word_1_331' title='bbox 1501 2390 1535 2420; x_wconf 81' lang='lat' dir='ltr'><strong><em>ct</em></strong></span> <span class='ocrx_word' id='word_1_332' title='bbox 1560 2385 1604 2421; x_wconf 85' lang='lat' dir='ltr'><strong><em>ab</em></strong></span> <span class='ocrx_word' id='word_1_333' title='bbox 1626 2385 1701 2420; x_wconf 80' lang='lat' dir='ltr'><em>alia</em></span> <span class='ocrx_word' id='word_1_334' title='bbox 1717 2385 1947 2422; x_wconf 76' lang='lat' dir='ltr'><em>multitudine</em></span> 
     </span>
     <span class='ocr_line' id='line_1_38' title="bbox 273 2440 1945 2490; baseline 0.001 -13"><span class='ocrx_word' id='word_1_335' title='bbox 273 2446 488 2489; x_wconf 78' lang='lat' dir='ltr'><em>separarent</em></span> <span class='ocrx_word' id='word_1_336' title='bbox 511 2443 584 2479; x_wconf 82' lang='lat' dir='ltr'><strong><em>Lat</em></strong></span> <span class='ocrx_word' id='word_1_337' title='bbox 676 2446 754 2479; x_wconf 82' lang='grc' dir='ltr'><strong><em>τῶν</em></strong></span> <span class='ocrx_word' id='word_1_338' title='bbox 777 2441 1038 2489; x_wconf 74' lang='grc' dir='ltr'><strong><em>ἐνεστηκότων</em></strong></span> <span class='ocrx_word' id='word_1_339' title='bbox 1055 2441 1262 2490; x_wconf 84' lang='grc' dir='ltr'><strong><em>πρότερον]</em></strong></span> <span class='ocrx_word' id='word_1_340' title='bbox 1289 2445 1366 2479; x_wconf 83' lang='grc' dir='ltr'><strong><em>τῶν</em></strong></span> <span class='ocrx_word' id='word_1_341' title='bbox 1390 2440 1677 2487; x_wconf 79' lang='grc' dir='ltr'><strong><em>στασιαζόντων</em></strong></span> <span class='ocrx_word' id='word_1_342' title='bbox 1700 2445 1945 2480; x_wconf 83' lang='grc' dir='ltr'><strong><em>καταστεῖλαι</em></strong></span> 
     </span>
    </p>
   </div>
   <div class='ocr_carea' id='block_1_22' title="bbox 274 2503 1946 2572">
    <p class='ocr_par' dir='ltr' id='par_1_24' title="bbox 274 2503 1946 2572">
     <span class='ocr_line' id='line_1_39' title="bbox 274 2503 1946 2572; baseline 0 -13"><span class='ocrx_word' id='word_1_343' title='bbox 274 2519 350 2568; x_wconf 83' lang='grc' dir='ltr'><strong><em>πρὸ</em></strong></span> <span class='ocrx_word' id='word_1_344' title='bbox 377 2525 445 2559; x_wconf 83' lang='grc' dir='ltr'><strong><em>τοῦ</em></strong></span> <span class='ocrx_word' id='word_1_345' title='bbox 470 2522 503 2557; x_wconf 89' lang='grc' dir='ltr'><strong>Ε</strong></span> <span class='ocrx_word' id='word_1_346' title='bbox 597 2525 638 2558; x_wconf 71' lang='lat'><strong><em>14</em></strong></span> <span class='ocrx_word' id='word_1_347' title='bbox 663 2503 933 2565; x_wconf 49' lang='grc' dir='ltr'><strong><em>*πλέωΓιέτηλε-’ω</em></strong></span> <span class='ocrx_word' id='word_1_348' title='bbox 959 2524 992 2557; x_wconf 85' lang='grc' dir='ltr'><strong>Α</strong></span> <span class='ocrx_word' id='word_1_349' title='bbox 1071 2526 1111 2557; x_wconf 84' lang='grc'>15</span> <span class='ocrx_word' id='word_1_350' title='bbox 1135 2523 1388 2559; x_wconf 77' lang='grc' dir='ltr'><strong><em>καθίστανται</em></strong></span> <span class='ocrx_word' id='word_1_351' title='bbox 1405 2523 1438 2557; x_wconf 90' lang='grc' dir='ltr'><strong>Ε</strong></span> <span class='ocrx_word' id='word_1_352' title='bbox 1514 2523 1553 2558; x_wconf 86' lang='grc'>16</span> <span class='ocrx_word' id='word_1_353' title='bbox 1578 2518 1684 2568; x_wconf 73' lang='grc' dir='ltr'><strong><em>ἄγειν</em></strong></span> <span class='ocrx_word' id='word_1_354' title='bbox 1707 2521 1740 2557; x_wconf 87' lang='grc' dir='ltr'><strong>Ε</strong></span> <span class='ocrx_word' id='word_1_355' title='bbox 1809 2519 1946 2572; x_wconf 78' lang='grc' dir='ltr'><strong><em>τούτῳ]</em></strong></span> 
     </span>
    </p>
   </div>
   <div class='ocr_carea' id='block_1_23' title="bbox 274 2572 2007 2626">
    <p class='ocr_par' dir='ltr' id='par_1_25' title="bbox 274 2572 2007 2626">
     <span class='ocr_line' id='line_1_40' title="bbox 274 2572 2007 2626; baseline -0.001 -10"><span class='ocrx_word' id='word_1_356' title='bbox 274 2581 366 2616; x_wconf 85' lang='lat' dir='ltr'>coni.</span> <span class='ocrx_word' id='word_1_357' title='bbox 393 2577 540 2616; x_wconf 76' lang='grc' dir='ltr'><strong><em>τούτων</em></strong></span> <span class='ocrx_word' id='word_1_358' title='bbox 562 2579 592 2614; x_wconf 91' lang='lat' dir='ltr'>P</span> <span class='ocrx_word' id='word_1_359' title='bbox 616 2576 780 2616; x_wconf 78' lang='grc' dir='ltr'><strong><em>τούτουσ</em></strong></span> <span class='ocrx_word' id='word_1_360' title='bbox 797 2579 869 2614; x_wconf 86' lang='grc' dir='ltr'><strong><em>ΑΜ</em></strong></span> <span class='ocrx_word' id='word_1_361' title='bbox 895 2575 1049 2615; x_wconf 80' lang='grc' dir='ltr'><strong><em>τούτοισ</em></strong></span> <span class='ocrx_word' id='word_1_362' title='bbox 1073 2579 1105 2614; x_wconf 88' lang='grc' dir='ltr'><strong>Ε</strong></span> <span class='ocrx_word' id='word_1_363' title='bbox 1225 2583 1263 2615; x_wconf 78' lang='grc'>17</span> <span class='ocrx_word' id='word_1_364' title='bbox 1290 2582 1368 2615; x_wconf 80' lang='grc' dir='ltr'><strong><em>τῶν</em></strong></span> <span class='ocrx_word' id='word_1_365' title='bbox 1391 2577 1590 2626; x_wconf 77' lang='grc' dir='ltr'><strong><em>ἐξηγητῶν]</em></strong></span> <span class='ocrx_word' id='word_1_366' title='bbox 1615 2572 1715 2615; x_wconf 74' lang='grc' dir='ltr'><strong><em>ὥστε</em></strong></span> <span class='ocrx_word' id='word_1_367' title='bbox 1739 2578 1773 2613; x_wconf 91' lang='grc' dir='ltr'><strong>Ε</strong></span> <span class='ocrx_word' id='word_1_368' title='bbox 1865 2576 1946 2622; x_wconf 81' lang='grc' dir='ltr'><strong><em>ἐξα·</em></strong></span> <span class='ocrx_word' id='word_1_369' title='bbox 2006 2603 2007 2606; x_wconf 60' lang='lat'><em>=</em></span> 
     </span>
    </p>
   </div>
   <div class='ocr_carea' id='block_1_24' title="bbox 274 2632 1948 3022">
    <p class='ocr_par' dir='ltr' id='par_1_26' title="bbox 274 2632 1948 3022">
     <span class='ocr_line' id='line_1_41' title="bbox 275 2632 1948 2684; baseline -0.001 -11"><span class='ocrx_word' id='word_1_370' title='bbox 275 2640 435 2684; x_wconf 79' lang='grc' dir='ltr'><strong><em>γριῶσαι</em></strong></span> <span class='ocrx_word' id='word_1_371' title='bbox 453 2636 562 2671; x_wconf 86' lang='grc' dir='ltr'><strong>ΑΜΕ</strong></span> <span class='ocrx_word' id='word_1_372' title='bbox 586 2635 822 2682; x_wconf 79' lang='grc' dir='ltr'><strong><em>ἐξαγρίωσαν</em></strong></span> <span class='ocrx_word' id='word_1_373' title='bbox 840 2637 895 2671; x_wconf 87' lang='lat' dir='ltr'><strong><em>ed.</em></strong></span> <span class='ocrx_word' id='word_1_374' title='bbox 914 2647 968 2682; x_wconf 89' lang='lat' dir='ltr'><strong><em>pr.</em></strong></span> <span class='ocrx_word' id='word_1_375' title='bbox 987 2635 1222 2684; x_wconf 76' lang='grc' dir='ltr'><strong><em>ἐξηγρίωσαν</em></strong></span> <span class='ocrx_word' id='word_1_376' title='bbox 1238 2636 1392 2671; x_wconf 87' lang='lat' dir='ltr'>Hudson</span> <span class='ocrx_word' id='word_1_377' title='bbox 1464 2638 1504 2670; x_wconf 81' lang='lat'><strong><em>18</em></strong></span> <span class='ocrx_word' id='word_1_378' title='bbox 1523 2632 1782 2682; x_wconf 82' lang='grc' dir='ltr'><strong><em>περιστάντες]</em></strong></span> <span class='ocrx_word' id='word_1_379' title='bbox 1799 2635 1948 2672; x_wconf 81' lang='lat' dir='ltr'>Bekker</span> 
     </span>
     <span class='ocr_line' id='line_1_42' title="bbox 275 2689 1899 2739; baseline -0.001 -10"><span class='ocrx_word' id='word_1_380' title='bbox 275 2690 546 2739; x_wconf 76' lang='grc' dir='ltr'><strong><em>παραστάντεσ</em></strong></span> <span class='ocrx_word' id='word_1_381' title='bbox 570 2693 674 2728; x_wconf 85' lang='lat' dir='ltr'>codd.</span> <span class='ocrx_word' id='word_1_382' title='bbox 789 2689 1038 2729; x_wconf 79' lang='grc' dir='ltr'><strong><em>καταλεύουσι</em></strong></span> <span class='ocrx_word' id='word_1_383' title='bbox 1063 2692 1170 2727; x_wconf 88' lang='grc' dir='ltr'><strong>ΑΜΕ</strong></span> <span class='ocrx_word' id='word_1_384' title='bbox 1283 2696 1322 2728; x_wconf 86' lang='grc'>19</span> <span class='ocrx_word' id='word_1_385' title='bbox 1348 2689 1396 2729; x_wconf 82' lang='grc' dir='ltr'><strong><em>*ὁ</em></strong></span> <span class='ocrx_word' id='word_1_386' title='bbox 1420 2693 1631 2739; x_wconf 80' lang='grc' dir='ltr'><strong><em>χιλίαρχος]</em></strong></span> <span class='ocrx_word' id='word_1_387' title='bbox 1654 2692 1846 2739; x_wconf 81' lang='grc' dir='ltr'><strong><em>χιλίαρχοι</em></strong></span> <span class='ocrx_word' id='word_1_388' title='bbox 1870 2692 1899 2727; x_wconf 89' lang='grc' dir='ltr'><strong><em>Ρ</em></strong></span> 
     </span>
     <span class='ocr_line' id='line_1_43' title="bbox 277 2743 1946 2796; baseline 0 -13"><span class='ocrx_word' id='word_1_389' title='bbox 277 2753 318 2784; x_wconf 80' lang='lat'><strong><em>20</em></strong></span> <span class='ocrx_word' id='word_1_390' title='bbox 345 2747 402 2786; x_wconf 80' lang='grc' dir='ltr'><strong><em>διὰ</em></strong></span> <span class='ocrx_word' id='word_1_391' title='bbox 426 2752 578 2795; x_wconf 82' lang='grc' dir='ltr'><strong><em>χειρῶν]</em></strong></span> <span class='ocrx_word' id='word_1_392' title='bbox 604 2749 636 2784; x_wconf 91' lang='grc' dir='ltr'><strong>Ε</strong></span> <span class='ocrx_word' id='word_1_393' title='bbox 662 2751 863 2795; x_wconf 74' lang='grc' dir='ltr'><strong><em>διαχωρεῖν</em></strong></span> <span class='ocrx_word' id='word_1_394' title='bbox 888 2750 992 2785; x_wconf 88' lang='lat' dir='ltr'>codd.</span> <span class='ocrx_word' id='word_1_395' title='bbox 1084 2751 1225 2786; x_wconf 78' lang='grc' dir='ltr'><strong><em>*θυσία</em></strong></span> <span class='ocrx_word' id='word_1_396' title='bbox 1250 2743 1306 2796; x_wconf 71' lang='grc' dir='ltr'><strong><em>ἦν]</em></strong></span> <span class='ocrx_word' id='word_1_397' title='bbox 1332 2751 1468 2785; x_wconf 73' lang='grc' dir='ltr'><strong><em>θυσίαν</em></strong></span> <span class='ocrx_word' id='word_1_398' title='bbox 1493 2748 1520 2783; x_wconf 91' lang='lat' dir='ltr'>P</span> <span class='ocrx_word' id='word_1_399' title='bbox 1614 2751 1654 2784; x_wconf 83' lang='lat'><strong><em>21</em></strong></span> <span class='ocrx_word' id='word_1_400' title='bbox 1682 2745 1888 2792; x_wconf 77' lang='grc' dir='ltr'><strong><em>σώιζεσθαι</em></strong></span> <span class='ocrx_word' id='word_1_401' title='bbox 1910 2747 1946 2783; x_wconf 81' lang='grc' dir='ltr'><strong>Δ</strong></span> 
     </span>
     <span class='ocr_line' id='line_1_44' title="bbox 387 2801 1945 2852; baseline -0.001 -10"><span class='ocrx_word' id='word_1_402' title='bbox 387 2802 436 2852; x_wconf 79' lang='grc' dir='ltr'><strong><em>μὴ</em></strong></span> <span class='ocrx_word' id='word_1_403' title='bbox 463 2801 543 2847; x_wconf 65' lang='grc' dir='ltr'><strong><em>οὔκ]</em></strong></span> <span class='ocrx_word' id='word_1_404' title='bbox 569 2805 604 2842; x_wconf 86' lang='grc' dir='ltr'><strong><em>εἰ</em></strong></span> <span class='ocrx_word' id='word_1_405' title='bbox 625 2802 674 2852; x_wconf 82' lang='grc' dir='ltr'><strong><em>μὴ</em></strong></span> <span class='ocrx_word' id='word_1_406' title='bbox 698 2805 731 2840; x_wconf 94' lang='grc' dir='ltr'><strong>Ε</strong></span> <span class='ocrx_word' id='word_1_407' title='bbox 801 2804 870 2852; x_wconf 79' lang='grc' dir='ltr'><strong><em>*μὴ</em></strong></span> <span class='ocrx_word' id='word_1_408' title='bbox 888 2825 932 2830; x_wconf 92' lang='grc'><strong>-</strong></span> <span class='ocrx_word' id='word_1_409' title='bbox 950 2808 992 2840; x_wconf 85' lang='lat'><strong><em>22</em></strong></span> <span class='ocrx_word' id='word_1_410' title='bbox 1010 2803 1190 2852; x_wconf 78' lang='grc' dir='ltr'><strong><em>πληθύος]</em></strong></span> <span class='ocrx_word' id='word_1_411' title='bbox 1215 2807 1256 2841; x_wconf 80' lang='lat' dir='ltr'><strong><em>ui</em></strong></span> <span class='ocrx_word' id='word_1_412' title='bbox 1277 2805 1517 2840; x_wconf 74' lang='lat' dir='ltr'><em>multitudinis</em></span> <span class='ocrx_word' id='word_1_413' title='bbox 1541 2804 1639 2839; x_wconf 72' lang='lat' dir='ltr'><em>illius</em></span> <span class='ocrx_word' id='word_1_414' title='bbox 1662 2804 1815 2850; x_wconf 77' lang='lat' dir='ltr'><em>impetus</em></span> <span class='ocrx_word' id='word_1_415' title='bbox 1835 2805 1945 2850; x_wconf 80' lang='lat' dir='ltr'><strong><em>sran-</em></strong></span> 
     </span>
     <span class='ocr_line' id='line_1_45' title="bbox 274 2856 1945 2909; baseline -0.001 -12"><span class='ocrx_word' id='word_1_416' title='bbox 274 2867 422 2908; x_wconf 67' lang='lat' dir='ltr'><strong><em>{serelur</em></strong></span> <span class='ocrx_word' id='word_1_417' title='bbox 445 2863 651 2908; x_wconf 75' lang='lat' dir='ltr'><em>malumque</em></span> <span class='ocrx_word' id='word_1_418' title='bbox 675 2862 767 2897; x_wconf 74' lang='lat' dir='ltr'><em>illud</em></span> <span class='ocrx_word' id='word_1_419' title='bbox 789 2867 988 2898; x_wconf 78' lang='lat' dir='ltr'><em>resecatum</em></span> <span class='ocrx_word' id='word_1_420' title='bbox 1013 2863 1292 2909; x_wconf 66' lang='lat' dir='ltr'><strong><em>exlinquemcw·</em></strong></span> <span class='ocrx_word' id='word_1_421' title='bbox 1314 2863 1386 2898; x_wconf 80' lang='lat' dir='ltr'><strong><em>Lat</em></strong></span> <span class='ocrx_word' id='word_1_422' title='bbox 1453 2856 1678 2907; x_wconf 69' lang='grc' dir='ltr'><strong><em>ἀνακόψειν]</em></strong></span> <span class='ocrx_word' id='word_1_423' title='bbox 1703 2856 1894 2908; x_wconf 69' lang='grc' dir='ltr'><strong><em>ἀνακύψει</em></strong></span> <span class='ocrx_word' id='word_1_424' title='bbox 1909 2859 1945 2896; x_wconf 86' lang='grc' dir='ltr'><strong>Ε</strong></span> 
     </span>
     <span class='ocr_line' id='line_1_46' title="bbox 276 2913 1943 2966; baseline -0.001 -11"><span class='ocrx_word' id='word_1_425' title='bbox 276 2914 515 2964; x_wconf 77' lang='grc' dir='ltr'><strong><em>α’νακόψοντι</em></strong></span> <span class='ocrx_word' id='word_1_426' title='bbox 541 2919 597 2954; x_wconf 86' lang='lat' dir='ltr'><strong><em>ed.</em></strong></span> <span class='ocrx_word' id='word_1_427' title='bbox 616 2930 669 2964; x_wconf 87' lang='lat' dir='ltr'><strong><em>pr.</em></strong></span> <span class='ocrx_word' id='word_1_428' title='bbox 696 2915 939 2966; x_wconf 71' lang='grc' dir='ltr'><strong><em>α’νακόψαντι</em></strong></span> <span class='ocrx_word' id='word_1_429' title='bbox 958 2919 1103 2954; x_wconf 86' lang='lat' dir='ltr'>Bekker</span> <span class='ocrx_word' id='word_1_430' title='bbox 1188 2921 1231 2953; x_wconf 89' lang='lat'><strong><em>22</em></strong></span> <span class='ocrx_word' id='word_1_431' title='bbox 1255 2921 1382 2954; x_wconf 81' lang='grc' dir='ltr'><strong><em>τοῖσδε</em></strong></span> <span class='ocrx_word' id='word_1_432' title='bbox 1406 2917 1444 2952; x_wconf 91' lang='grc' dir='ltr'><strong>Μ</strong></span> <span class='ocrx_word' id='word_1_433' title='bbox 1528 2914 1572 2954; x_wconf 88' lang='grc' dir='ltr'><strong><em>τὸ</em></strong></span> <span class='ocrx_word' id='word_1_434' title='bbox 1596 2914 1871 2965; x_wconf 82' lang='grc' dir='ltr'><strong><em>στρατόπεδον]</em></strong></span> <span class='ocrx_word' id='word_1_435' title='bbox 1896 2913 1943 2955; x_wconf 77' lang='grc' dir='ltr'><strong><em>τὸ</em></strong></span> 
     </span>
     <span class='ocr_line' id='line_1_47' title="bbox 276 2972 1852 3022; baseline -0.001 -10"><span class='ocrx_word' id='word_1_436' title='bbox 276 2972 540 3022; x_wconf 79' lang='grc' dir='ltr'><strong><em>στρατόπεδον</em></strong></span> <span class='ocrx_word' id='word_1_437' title='bbox 563 2978 625 3011; x_wconf 82' lang='grc' dir='ltr'><strong><em>καὶ</em></strong></span> <span class='ocrx_word' id='word_1_438' title='bbox 653 2974 744 3012; x_wconf 70' lang='lat' dir='ltr'><strong>roi-0·</strong></span> <span class='ocrx_word' id='word_1_439' title='bbox 769 2975 898 3012; x_wconf 76' lang='grc' dir='ltr'><strong><em>ὶππεῐσ</em></strong></span> <span class='ocrx_word' id='word_1_440' title='bbox 923 2976 958 3018; x_wconf 86' lang='grc' dir='ltr'><strong><em>(ἰ.</em></strong></span> <span class='ocrx_word' id='word_1_441' title='bbox 983 2986 1054 3011; x_wconf 85' lang='lat' dir='ltr'><strong>ras.</strong></span> <span class='ocrx_word' id='word_1_442' title='bbox 1080 2974 1289 3021; x_wconf 84' lang='lat' dir='ltr'><strong>angustiore</strong></span> <span class='ocrx_word' id='word_1_443' title='bbox 1312 2986 1358 3010; x_wconf 89' lang='lat' dir='ltr'><strong><em>m.</em></strong></span> <span class='ocrx_word' id='word_1_444' title='bbox 1386 2977 1404 3008; x_wconf 85' lang='lat'>2</span> <span class='ocrx_word' id='word_1_445' title='bbox 1429 2975 1475 3017; x_wconf 87' lang='lat' dir='ltr'><strong><em>A)</em></strong></span> <span class='ocrx_word' id='word_1_446' title='bbox 1500 2974 1567 3010; x_wconf 84' lang='grc' dir='ltr'><strong>ΑΕ</strong></span> <span class='ocrx_word' id='word_1_447' title='bbox 1593 2975 1639 3010; x_wconf 85' lang='lat' dir='ltr'><strong><em>cf.</em></strong></span> <span class='ocrx_word' id='word_1_448' title='bbox 1664 2974 1746 3010; x_wconf 86' lang='lat' dir='ltr'><strong>bell.</strong></span> <span class='ocrx_word' id='word_1_449' title='bbox 1773 2974 1852 3010; x_wconf 88' lang='lat' dir='ltr'>Iud.</span> 
     </span>
    </p>
   </div>
   <div class='ocr_carea' id='block_1_25' title="bbox 2015 44 2045 198">
    <p class='ocr_par' dir='ltr' id='par_1_27' title="bbox 2015 44 2045 198">
     <span class='ocr_line' id='line_1_48' title="bbox 2015 44 2045 198; textangle 90"><span class='ocrx_word' id='word_1_450' title='bbox 2039 188 2042 198; x_wconf 87' lang='lat'><em>-</em></span> <span class='ocrx_word' id='word_1_451' title='bbox 2035 175 2040 184; x_wconf 82' lang='lat'><strong>·</strong></span> <span class='ocrx_word' id='word_1_452' title='bbox 2024 76 2045 162; x_wconf 44' lang='lat'><strong><em>44¹4·</em></strong></span> <span class='ocrx_word' id='word_1_453' title='bbox 2015 44 2044 69; x_wconf 51' lang='grc' dir='ltr'><strong><em>’,ί</em></strong></span> 
     </span>
    </p>
   </div>
   <div class='ocr_carea' id='block_1_26' title="bbox 2043 0 2074 3392">
    <p class='ocr_par' dir='ltr' id='par_1_28' title="bbox 2043 0 2074 3392">
     <span class='ocr_line' id='line_1_49' title="bbox 2043 0 2074 3392; baseline 0 0"><span class='ocrx_word' id='word_1_454' title='bbox 2043 0 2074 3392; x_wconf 95' lang='lat' dir='ltr'><strong><em> </em></strong></span> 
     </span>
    </p>
   </div>
  </div>
 </body>
</html>
