2074 3392
215 229 299 268 374
690 229 886 265 IOSEPHI
909 228 1029 264 VITA
1052 231 1229 265 321—327
1255 232 1323 273 (⁶2.
1339 233 1394 274 63)

214 343 342 394 λέξας
364 342 427 392 εἷς
446 350 565 397 τρεῖς
593 344 754 397 μοίρας
785 341 964 393 διεῖλον,
995 343 1068 385 καὶ
1098 342 1280 394 τούτους
1308 344 1387 398 μὲν
1420 339 1604 401 ἀφανῶς
1633 343 1678 387 ἐν
1709 345 1880 400 δώμαις

102 415 184 456 322
214 409 470 467 προσέταξα
491 410 712 462 λοχῶντας
733 411 1001 465 περιμένειν,
1021 409 1190 462 χιλίους
1212 406 1253 452 δ’
1279 410 1343 462 εἷς
1364 411 1516 466 ἑτέραν
1536 411 1684 469 κώμην
1705 407 1879 472 ὀρεινὴν

211 478 292 533 μὲν
322 475 502 532 ὁμοίως,
535 472 788 530 ἀπέχουσαν
820 476 867 519 δὲ
887 478 965 534 τῆς
991 476 1254 533 Τιβεριάδος
1282 482 1503 535 τέσσαρας
1534 479 1755 533 σταδίους,
1787 479 1880 524 εἷσ-

211 546 373 603 ήγαγον
411 543 618 595 κελεύσας
658 542 848 595 ἐκείνους
889 542 1073 587 ἐπειδὰν
1112 544 1308 599 λάβωσιν
1347 555 1529 604 σημεῖον
1569 542 1706 598 εὔθυς
1742 565 1880 591 κατα-

210 617 403 669 βαίνειν·
445 611 576 663 αὐτὸς
616 612 663 655 δὲ
697 614 776 670 τῆς
813 611 961 668 κώμης
999 611 1240 666 προελθών
1281 612 1326 656 ἓν
1363 614 1583 672 προύπτῳ
1614 613 1880 672 καθεζόμην.
1908 624 1929 659 5

100 683 182 725 323
215 683 258 726 οἱ
297 681 345 724 δὲ
380 685 599 737 Τιβεριεῖς
637 678 826 735 ὁρῶντες
865 677 1085 735 ἐξέτρεχον
1125 681 1313 733 συνεχῶς
1341 683 1415 724 καὶ
1445 681 1593 725 πολλὰ
1623 682 1880 739 κατεκερτό-

212 763 342 805 μουν·
381 749 571 806 τοσαύτη
612 750 715 803 γοῦν
748 743 976 804 ἀφροσύνη
1007 749 1214 800 κατέσχεν
1247 742 1426 801 αὐτούς,
1467 744 1581 792 ὥστε
1611 749 1880 806 ποιήσαντες

213 813 404 873 εὖτρεπῆ
433 818 582 873 κλίνην
613 814 876 872 προύθεσαν
906 815 981 857 καὶ
1011 815 1116 869 περὶ
1149 809 1283 870 αυτὴν
1315 815 1544 870 ἱστάμενοι
1573 812 1794 872 ὠδύροντό
1824 834 1881 872 με

211 884 323 940 μετὰ
361 884 551 934 παιδιᾶς
588 884 663 925 καὶ
702 883 905 938 γέλωτος.
967 881 1228 940 διετιθέμην
1269 878 1314 925 δ’
1342 881 1426 939 ἒγιὸ
1457 882 1536 940 τὴν
1567 883 1710 942 ψυχὴν
1740 882 1881 943 ἡδέως

211 952 288 1010 τὴν
320 949 476 995 ὂῖνοιαν
509 946 650 993 αὐτῶν
682 949 953 1005 ἐπιβλέπων.
1910 961 1948 997 1⁰

100 1025 181 1066 324
326 1023 393 1064 63.
455 1018 733 1073 Βουλόμενος
772 1017 819 1061 δὲ
859 1013 920 1061 δι’
947 1016 1126 1073 ἐνέδρας
1163 1019 1314 1071 λαβεῖν
1353 1017 1430 1061 τὸν
1470 1022 1651 1073 Σίμωνα
1689 1022 1763 1064 καὶ
1802 1019 1881 1064 σὺν

211 1083 332 1144 αὐτῷ
361 1083 586 1143 Ἰώζαρον,
628 1089 818 1141 πέμψας
853 1084 968 1141 πρὸς
1004 1080 1162 1136 αὐτοὺς
1198 1085 1476 1141 παρεκάλουν
1511 1081 1659 1142 ὀλίγον
1687 1090 1766 1144 τῆς
1793 1088 1881 1132 πό-

210 1157 320 1206 λεως
366 1154 522 1210 πόρρω
571 1153 683 1208 μετὰ
733 1154 877 1210 φίλων
917 1154 1099 1196 πολλῶν
1137 1155 1225 1196 τῶν
1269 1153 1683 1211 παραφυλαξόντων
1722 1151 1881 1206 αὐτοὺς

210 1223 382 1266 έλθεῖν·
431 1221 682 1277 βούλεσθαι
726 1220 810 1278 γὰρ
850 1221 962 1278 έφην
1002 1220 1200 1276 καταβὰς
1239 1224 1523 1265 σπείσασθαι
1562 1221 1677 1279 πρὸς
1723 1218 1882 1275 αὐτοὺς

98 1296 178 1336 325
209 1292 283 1334 καὶ
329 1291 654 1344 διανείμασθαι
700 1288 779 1346 τὴν
829 1293 1110 1345 προστασίαν
1156 1291 1233 1345 τῆς
1270 1290 1537 1340 Γαλιλαίας.
1607 1294 1758 1345 Σίμων
1801 1291 1882 1345 μὲν
1912 1298 1950 1333 15

210 1350 285 1409 οὖν
321 1357 396 1402 διὰ
433 1357 619 1415 νεότητα
653 1358 728 1400 καὶ
764 1356 880 1413 πρὸς
917 1356 1080 1400 ἐλπίδα
1117 1356 1299 1413 κέρδους
1333 1353 1591 1415 ἀπατηθεὶς
1625 1354 1702 1401 οὐκ
1742 1355 1882 1417 ὤκνη-
1956 1352 1958 1354 V

209 1443 283 1470 σεν
314 1426 466 1470 ἐλθεῖν
477 1460 487 1479 ,
528 1423 550 1469 ὃ
585 1421 627 1468 δ’
647 1421 849 1482 Ἰώζαρος
881 1424 1062 1481 ἐνέδραν
1092 1421 1382 1476 ὑποπτεύσας
1411 1425 1595 1480 ἔμεινεν.
1656 1421 1883 1481 ἀναβάντα

209 1495 260 1552 δὴ
299 1494 378 1538 τὸν
408 1498 590 1549 Σίμωνα
627 1493 740 1549 μετὰ
783 1495 927 1551 φίλων
966 1495 1056 1536 τῶν
1094 1493 1544 1550 παραφυλασσόντων
1577 1488 1708 1537 αυτὸν
1739 1494 1883 1538 ὑπαν-

207 1563 366 1614 τιάσας
395 1559 660 1619 ἠσπαζόμην
691 1578 739 1604 τε
770 1560 1059 1619 φιλοφρόνως
1087 1561 1161 1603 καὶ
1189 1560 1318 1615 χάριν
1349 1560 1461 1614 ἔχειν
1486 1558 1742 1618 ιῦμολόγουν
1774 1557 1882 1606 ἀνα-

98 1636 179 1677 326
208 1631 352 1687 βάντι.
412 1626 508 1686 μετ’
536 1626 585 1673 οὗ
617 1629 734 1673 πολὺ
767 1629 813 1672 δὲ
845 1630 1196 1685 συμπεριπατῶν
1235 1626 1295 1679 ῶς
1331 1628 1443 1672 κατὰ
1482 1629 1622 1684 μόνας
1650 1646 1695 1673 τι
1723 1629 1884 1685 βουλό·
1912 1639 1973 1674 20

207 1716 338 1755 μενος
376 1699 533 1751 εἰπεῖν,
575 1697 674 1741 ἐπεὶ
706 1700 978 1753 πορρωτέρω
1010 1699 1098 1739 τῶν
1130 1697 1275 1754 φίλων
1313 1691 1563 1753 ἀπήγαγον,
1603 1699 1739 1752 μέσον
1770 1692 1881 1751 ἀρά-

207 1784 338 1822 μενος
379 1762 555 1823 ἀγαγεῖν
595 1765 658 1816 εἷς
696 1764 776 1821 τὴν
805 1764 955 1822 κώμην
985 1774 1081 1815 τοῖς
1110 1759 1208 1819 μετ’
1235 1763 1343 1819 ἐμοῦ
1382 1767 1535 1822 φίλοις
1575 1765 1737 1818 ἔδωκα,
1776 1764 1881 1817 τοὺς

209 1833 400 1885 ὁπλίτας
432 1834 479 1877 δὲ
509 1835 756 1890 καταβῆναι
786 1832 996 1883 κελεύσας
1027 1833 1336 1887 προσέβαλλον
1365 1828 1461 1887 μετ’
1489 1830 1632 1877 αὐτῶν
1662 1835 1715 1891 τῇ
1750 1837 1881 1889 Τιβε-

97 1906 177 1948 327
211 1902 345 1959 ριάδι.
406 1901 546 1958 μάχης
578 1901 625 1944 δὲ
655 1904 890 1958 γενομένης
923 1896 1250 1958 ἀμφοτέρωθεν
1280 1903 1494 1956 καρτερᾶς
1524 1903 1597 1945 καὶ
1624 1895 1730 1944 ὅσον
1752 1898 1879 1944 οὔπω

209 1973 295 2013 τῶν
332 1973 572 2025 Τιβεριέων
604 1968 838 2022 νικώντων,
871 1968 1171 2026 πεφεύγεισαν
1202 1967 1285 2024 γάρ
1318 1969 1361 2011 οἱ
1392 1964 1501 2024 παρ’
1528 1966 1650 2026 ἡμῶν
1681 1966 1879 2022 ὁπλῖται,
1910 1978 1948 2012 25

207 2038 256 2082 τὸ
288 2038 519 2094 γινόμενον
559 2036 666 2080 ἰδών
696 2039 770 2080 καὶ
805 2036 909 2087 τοὺς
953 2032 1051 2091 μετ’
1086 2036 1275 2091 ἐμαυτοῦ
1315 2037 1630 2091 παρακαλέσας
1668 2039 1880 2088 νικῶντας

205 2104 287 2163 ἤδη
325 2105 428 2156 τοὺς
463 2110 682 2160 Τιβεριεῖς
722 2105 785 2156 εἰς
822 2104 901 2162 την
941 2104 1075 2147 πόλιν
1107 2103 1363 2154 συνεδίωξα.
1424 2103 1576 2160 ἑτέραν
1615 2104 1663 2148 δὲ
1694 2105 1879 2159 δύναμιν

209 2173 468 2229 εἰσπέμψας
500 2172 574 2216 διὰ
605 2175 683 2231 τῆς
714 2174 869 2230 λίμνης
902 2172 1158 2228 προσέταξα
1188 2171 1266 2228 τὴν
1289 2171 1470 2229 πρώτην
1493 2173 1704 2226 λαβοῦσιν
1736 2172 1879 2216 οἰκίαν

321 2347 336 2377 1
365 2340 520 2380 τούτοισ
537 2342 585 2378 W
654 2340 808 2387 δώμαις]
825 2340 975 2387 κώμαισ
991 2345 1028 2385 (κ
1043 2343 1067 2378 i.
1084 2353 1157 2378 ras.
1175 2342 1220 2384 A)
1237 2341 1304 2376 RA
1322 2338 1470 2387 Δώροις
1487 2340 1672 2385 Gelenius,
1695 2343 1732 2377 et
1748 2351 1879 2377 nomen

205 2400 319 2436 latere
343 2399 491 2435 uidetur
560 2399 779 2445 προσέταξα
805 2397 846 2435 ἐν
862 2397 1014 2443 κώμαισ
1030 2402 1076 2435 tr.
1093 2398 1128 2434 R
1197 2401 1216 2432 2
1243 2393 1292 2439 δ’]
1319 2398 1357 2435 δὲ
1374 2397 1452 2440 RA,
1477 2407 1547 2432 om.
1571 2396 1661 2431 MW
1731 2394 1878 2442 ἑτέραν]

204 2457 362 2503 ἐπεῖραν
377 2456 466 2491 MW
538 2451 668 2503 ὀρινὴν
692 2456 720 2490 Ρ
755 2484 757 2486 .
792 2459 810 2490 3
829 2455 867 2492 δὲ
885 2466 951 2492 om.
969 2455 1058 2490 MW
1128 2452 1359 2501 τιβεριίίδοσ,
1376 2467 1397 2490 τ
1414 2464 1459 2489 ex
1475 2456 1501 2500 β
1518 2463 1611 2489 corr.
1627 2453 1656 2487 P
1727 2456 1749 2488 4
1763 2450 1877 2490 κατὰ·

204 2513 330 2561 βὲνειν
353 2513 381 2547 Ρ
453 2516 471 2547 Ξ)
497 2510 622 2559 κόμησ
646 2508 877 2559 προσελθὼν
901 2512 928 2545 Ρ
999 2509 1231 2557 καθεζόμην,
1254 2524 1328 2557 μην
1344 2510 1415 2546 alio
1433 2512 1635 2546 atramento
1653 2509 1829 2555 scriptum
1844 2509 1878 2545 R

204 2569 466 2616 καθεζομένην
490 2569 519 2603 Ρ
591 2572 610 2604 S
636 2564 803 2615 εὐπρεπῆ
826 2568 980 2603 PAMW
1049 2569 1155 2613 κλίνη
1180 2567 1208 2601 Ρ
1277 2580 1324 2611 με
1350 2578 1417 2603 om.
1436 2566 1534 2601 PRA
1603 2569 1623 2599 9
1648 2569 1782 2603 πεδιᾶσ
1805 2566 1834 2601 P

205 2627 242 2663 δὲ
267 2626 356 2661 MW
430 2629 470 2661 12
495 2621 684 2673 Ἰώζαρον]
709 2623 904 2671 ἰωάζαρον
927 2624 961 2659 R
986 2621 1056 2660 τὸν
1081 2621 1249 2670 ἰώζαρον
1273 2623 1394 2658 AMW
1484 2625 1522 2657 13
1549 2619 1698 2669 πόρρω]
1724 2635 1877 2670 πορρω-

204 2684 303 2731 τέρω
320 2683 444 2719 AMW
513 2685 678 2725 πολλῶν]
704 2684 857 2718 πολλῶν
874 2694 915 2717 τε
932 2680 1054 2716 AMW
1125 2678 1488 2726 παραφυλαξόντων]
1507 2676 1752 2724 φυλαξόντων
1767 2680 1801 2714 Α
1815 2692 1877 2724 με·

204 2737 502 2787 ταφυλαξάντων
517 2736 600 2778 (άντ
617 2738 639 2774 i.
656 2749 728 2774 ras.
747 2739 801 2783 M)
818 2737 906 2773 MW
978 2740 1020 2772 14
1036 2735 1174 2778 ἐλθεῖν]
1193 2737 1319 2773 ἐλθεῖν
1336 2733 1392 2772 ὡσ
1408 2734 1474 2780 ἐμέ
1490 2735 1523 2771 R
1592 2732 1782 2782 βούλεσθε
1798 2734 1831 2770 R

208 2801 250 2833 16
276 2795 448 2843 νεότητα]
474 2793 683 2842 στενότητα
707 2795 735 2830 Ρ
761 2808 801 2832 τε
826 2794 962 2832 ἄνοιαν
985 2796 1020 2830 A
1111 2791 1228 2830 ἐλπίδι
1254 2792 1327 2828 ΑΜ
1425 2796 1462 2827 17
1489 2792 1527 2828 δὲ
1551 2791 1708 2827 RAMW
1789 2789 1877 2829 ι’ωά·

205 2856 328 2901 ζαροσ
351 2854 419 2889 RA
516 2856 555 2887 19
581 2866 621 2889 τε
647 2863 716 2888 om.
740 2852 864 2887 AMW
981 2854 1024 2886 20
1049 2848 1342 2896 σι’·νπεριπατῶν
1366 2849 1393 2883 Γ
1500 2851 1540 2884 21
1566 2846 1658 2889 ἐπεὶ]
1684 2843 1737 2884 ἔτι
1764 2847 1791 2882 Ρ
1815 2846 1874 2884 ἐπὶ

205 2910 239 2945 R.
310 2913 351 2945 23
377 2906 413 2945 ‹5'
439 2905 626 2956 ἀναβῆναι
651 2909 679 2943 Ρ
774 2911 816 2943 24
844 2902 948 2944 ὅσων
971 2907 1019 2942 W
1113 2909 1155 2941 25
1182 2907 1400 2953 τιβεριαίων
1416 2905 1444 2940 Ρ
1537 2901 1776 2950 πεᾳεί-γησαν
1803 2904 1830 2939 Ρ

206 2964 292 3013 γὰρ]
318 2970 355 3002 ὸε
382 2968 413 3001 Α
507 2961 603 3011 παρ’
628 2962 716 3011 ἡμῖν
739 2964 858 3000 PMW
953 2967 996 2998 2ss
1020 2961 1198 3008 ἐμαυτοῦ]
1225 2959 1341 2999 affro?
1366 2960 1453 2996 MW
1558 2963 1598 2994 27
1625 2962 1874 3004 σεϊεδεξίωσα

206 3024 234 3058 Ρ
329 3026 371 3057 2⁸3
398 3021 600 3067 εἰσπε-’,ιιψαι
626 3022 723 3057 PRA
