2074 3392
244 231 324 271 210
695 233 860 277 ANTIQ.
885 233 983 270 IUD.
1008 234 1108 270 XIX.
1156 234 1481 271 ARGUMENTA.

1032 820 1167 873 XIX.

263 954 424 1004 Τάδε
473 956 728 1004 ἔνεστιν
776 957 838 1004 ἐν
873 961 941 1018 τῇ
986 954 1077 1004 ιι9’
1114 962 1236 1004 τῶν
1275 954 1573 1019 Ἰωσήπου
1618 959 1931 1021 ἱστοριῶν

595 1035 1081 1098 τῆςἾουδαϊκῆς
1119 1035 1600 1102 ἀρχαιολογίας.

371 1169 429 1221 ὡς
460 1177 488 1213 I
491 1187 583 1222 αιος
620 1178 784 1225 Καῖσαρ
822 1173 1143 1242 ἐπιβουλευθεὶς
1181 1170 1268 1214 υπὸ
1298 1177 1488 1216 Κασσίου
1519 1177 1706 1228 Χαιρέου
1745 1174 1932 1244 ἀνῃρέθη

255 1231 326 1269 καὶ
357 1226 416 1278 ὡς
444 1226 657 1278 Κλαυδιος
688 1245 712 1270 ο
741 1234 860 1280 θεῖος
891 1227 1028 1272 αὐτοῦ
1065 1233 1256 1280 βιασθεὶς
1286 1228 1372 1272 υπὸ
1409 1236 1500 1273 τῶν
1539 1236 1817 1285 στρατιωτῶν
1851 1230 1932 1286 τὴν

257 1283 391 1338 οἷρχην
422 1287 673 1338 παρέλαβεν.
1989 1287 1994 1289 ’

373 1339 518 1407 στάσις
547 1347 621 1396 τῆς
651 1346 813 1395 βουλῆς
841 1346 913 1384 καὶ
942 1348 1024 1385 τοῦ
1055 1341 1192 1396 δήμου
1224 1341 1333 1397 πρὸς
1363 1341 1500 1387 αὐτὸν
1529 1348 1600 1387 καὶ
1629 1342 1682 1387 τὰ
1712 1343 1792 1388 σὺν
1812 1343 1934 1403 αυτῷ

259 1409 564 1451 στρατευματα.

229 1459 232 1461 ’
371 1459 572 1527 πρεσβιεία
601 1460 683 1497 τοῦ
711 1457 922 1506 βασιλέως
942 1455 1147 1509 Ἀγρίππα
1177 1454 1287 1509 πρὸς
1316 1455 1394 1510 τὴν
1424 1453 1607 1511 βουλήν,
1635 1462 1706 1500 καὶ
1737 1456 1797 1509 ὡς
1828 1470 1934 1501 συν-

256 1513 432 1561 θέμενοι
464 1515 505 1554 οἱ
538 1517 794 1565 στρατιῶται
817 1529 858 1555 οι
878 1510 982 1563 μετὰ
1003 1518 1078 1567 τῆς
1097 1518 1259 1568 βουλῆς
1281 1512 1563 1568 ἀπεχώρησαν
1584 1513 1693 1569 πρὸς
1712 1513 1933 1558 Κλαύδιον

256 1572 326 1609 καὶ
356 1566 510 1622 κύριον
542 1567 676 1610 αὐτὸν
716 1571 979 1623 κατέστησαν
1016 1575 1107 1612 τῶν
1146 1569 1434 1624 πραγμάτων,
1473 1570 1499 1626 ἡ
1539 1574 1582 1614 δὲ
1616 1570 1754 1626 βουλὴ
1790 1588 1933 1623 μονω-
1973 1594 1977 1606 ⁴

255 1630 380 1667 θεῖσα
410 1624 638 1679 παρεκάλει
667 1624 884 1669 Κλαύδιον
915 1625 1024 1680 αὐτῇ
1054 1630 1342 1681 διαλλαγῆναι.

373 1680 431 1733 ὡς
460 1681 674 1747 Κλαυδιος
703 1689 868 1737 Καῖσαρ
899 1683 1163 1726 α’ποδίδωσιν
1196 1683 1274 1738 Ἀγ
1261 1689 1398 1739 οίππᾳ
1437 1682 1515 1739 τὴν
1556 1684 1763 1742 πατρῴαν
1793 1685 1934 1729 αὐτοῦ

256 1743 475 1789 βασιλείαν
507 1733 678 1781 ἅπασαν
710 1745 915 1793 προσθεὶς
946 1740 1066 1796 αὐτῷ
1096 1745 1168 1783 καὶ
1198 1739 1276 1796 τὴν
1305 1746 1526 1785 Λυσανίου
1557 1747 1819 1797 τετραρχίαν.

371 1812 686 1849 προγραμματα
715 1800 934 1866 Κλαυδίου
956 1802 1169 1852 Καίσαρος
1200 1799 1245 1840 ἐν
1275 1797 1560 1854 Ἀλεξανδρείᾳ
1590 1798 1698 1853 υπὲρ
1728 1805 1819 1842 τῶν
1849 1800 1936 1842 ἐκεῖ

260 1850 473 1894 Ἰουδαίων
503 1858 574 1894 καὶ
605 1854 650 1895 ἐν
681 1866 795 1906 πασῃ
827 1853 965 1896 αυτοῦ
997 1854 1114 1908 αρχῇ

372 1908 599 1960 α’πόπλους
630 1909 834 1963 Ἀγρίππα
864 1917 945 1953 τοῦ
974 1913 1184 1962 βασιλέως
1214 1914 1271 1962 εἰς
1303 1910 1517 1954 Ἰουδαίαν.

371 1964 572 2020 ἐπιστολὴ
607 1971 836 2009 Πουπλίου
871 1973 1122 2021 Πετρωνίου
1153 1973 1234 2010 τοῦ
1267 1972 1431 2021 Συρίας
1460 1967 1669 2022 ἡγεμόνος
1699 1966 1808 2023 πρὸς
1842 1970 1935 2012 Δω-

258 2027 377 2076 ρίτας
408 2021 514 2077 υπὲρ
550 2023 778 2066 Ἰουδαίων.

373 2078 432 2130 ὡς
461 2079 660 2131 βασιλευς
694 2079 918 2147 Ἀγρίππας
951 2079 1003 2122 τὰ
1027 2079 1337 2135 Ἶεροσολυμων
1375 2085 1486 2134 τείχη
1526 2087 1776 2133 πολυτελῶς
1806 2098 1932 2125 κατα-

259 2134 480 2189 σκευάζων
512 2136 639 2190 ἀτελῆ
668 2135 746 2190 τὴν
778 2136 971 2191 σπουδὴν
993 2138 1118 2207 ,ἔσχεν
1147 2136 1304 2189 μεταξὺ
1336 2136 1600 2192 τελευτήσας.

372 2191 452 2235 ὅσα
490 2194 676 2261 ε’πραξεν
715 2210 760 2236 εν
797 2198 937 2248 τρισὶν
977 2195 1111 2237 ε’τεσιν
1149 2193 1244 2248 ἄχρι
1279 2200 1354 2248 τῆς
1384 2201 1581 2249 τελευτῆς
1612 2193 1750 2238 αὐτοῦ
1779 2199 1850 2237 καὶ
1881 2192 1934 2239 ὃν

258 2247 427 2304 τρόπον
457 2248 536 2292 τὸν
565 2255 664 2302 βίον
694 2253 988 2305 κατέστρεψεν.

550 2310 726 2362 περιέχει
756 2307 780 2362 ἦ
811 2313 962 2359 βίβλος
988 2306 1153 2362 χρόνον
1186 2309 1294 2350 ἐτῶν
1321 2306 1368 2360 γ’
1397 2324 1547 2362 μηνων
1578 2305 1639 2360 ς’.

372 2427 569 2463 AMWLat

375 2488 388 2519 1
417 2486 461 2530 τῆ
485 2481 799 2531 ἐννεακαιδεκάτη
824 2485 912 2519 MW
1006 2487 1024 2519 3
1051 2485 1211 2530 capitum
1234 2495 1404 2521 numeros
1428 2481 1571 2526 (α’-ι’
1588 2484 1636 2520 W
1659 2483 1725 2519 I—
1735 2482 1841 2520 VIII
1852 2484 1937 2530 Lat)

258 2541 341 2577 add.
359 2540 481 2576 WLat
573 2544 593 2575 4
618 2543 682 2576 καὶ
707 2535 770 2583 ὡς]
797 2537 854 2577 ὡσ
881 2542 917 2575 M
945 2542 1175 2588 qualiterque
1199 2541 1288 2585 Lat3
1315 2542 1515 2586 capitulum
1539 2541 1705 2577 indicant
1728 2541 1892 2578 MWLat

258 2600 337 2634 τῶν
362 2607 430 2633 om.
456 2597 494 2631 M
612 2599 632 2632 6
658 2594 790 2640 στάσις
817 2618 858 2623 —
886 2601 903 2632 Τ
931 2595 1198 2645 στρατεύματα
1223 2598 1455 2634 antecedenti
1487 2597 1600 2642 capiti
1630 2598 1797 2643 adiungit
1819 2597 1892 2634 Lat

259 2651 403 2697 στάσις]
429 2651 549 2700 τάσησ
574 2653 622 2688 W
700 2657 719 2687 9
746 2653 781 2690 οἱ
806 2656 904 2694 (ante
927 2651 1036 2699 μετὰ)
1062 2665 1129 2690 om.
1156 2655 1243 2690 MW
1324 2657 1365 2689 14
1390 2651 1674 2701 προγράμματα
1700 2675 1744 2680 -
1771 2657 1810 2689 15
1836 2651 1938 2702 α’ρχῇ

259 2711 373 2756 priori
398 2710 509 2755 capiti
535 2710 701 2754 adiungit
726 2711 798 2746 Lat
905 2710 986 2748 ἐκεῖ
1010 2722 1077 2747 om.
1103 2711 1143 2746 M
1254 2715 1294 2747 15
1317 2713 1382 2747 καὶ
1407 2721 1435 2746 s.
1460 2710 1499 2745 M
1599 2721 1710 2757 super
1732 2710 1874 2747 iudaeis
1896 2711 1936 2746 in

259 2779 301 2802 co
325 2767 533 2803 constitutis
557 2771 642 2812 post
666 2763 765 2813 α’ρχῇ
789 2767 873 2803 add.
899 2767 970 2803 Lat
1049 2771 1086 2802 17
1113 2763 1330 2814 ἧέπιστολὴ
1355 2768 1389 2801 A
1486 2769 1524 2801 19
1549 2763 1739 2813 βασιλεὺς]
1762 2764 1935 2814 βασιλεύ·

261 2837 334 2860 σασ
353 2823 438 2858 MW
532 2826 717 2870 πολυτελῆ
742 2824 829 2859 MW
924 2827 965 2859 2⁰
991 2821 1067 2870 εἶχε
1086 2824 1123 2858 Μ
1217 2826 1257 2859 21
1284 2820 1446 2868 ἔπραξεν
1468 2821 1521 2865 ἐν]
1547 2821 1685 2870 ἔπραξε
1710 2823 1748 2857 Μ
1773 2820 1937 2869 ἔπραξεν

261 2881 308 2915 W
403 2884 443 2915 23
470 2879 635 2927 περιέχει
653 2900 694 2905 -
710 2877 746 2917 ς’
765 2891 833 2916 om.
853 2881 924 2916 Lat
1013 2878 1160 2928 χρόνον
1177 2890 1244 2915 om.
1263 2879 1311 2915 W
1404 2876 1424 2926 ἡ
1448 2880 1597 2927 βίβλος]
1617 2876 1637 2913 ὃ
1657 2876 1792 2926 παρὼν
1815 2877 1936 2927 λόγοσ

260 2936 307 2971 W
400 2935 497 2973 ἐτῶν
522 2938 639 2982 τριῶν
661 2940 790 2982 μηνῶν
814 2935 855 2980 ἕξ
877 2938 913 2972 M
