2051 3397
35 958 74 993 1⁰

588 222 751 267 ANTIQ.
778 222 873 258 1131).
899 221 985 257 XIX
1012 226 1145 257 ’.ιι-τῦ
1168 226 1202 263 (ι.
1221 226 1274 266 ιι)
1685 218 1767 258 223

106 335 216 400 ἦσαν
237 338 477 386 ὀκνούντων
499 338 676 380 πολλῶν
699 331 748 378 οὗ
769 335 852 392 γὰρ
875 340 1070 392 Χαιρέας
1092 336 1215 379 ἕσται
1238 335 1346 378 ἑκών
1368 332 1479 378 εἶναι
1511 336 1589 376 τοῦ
1622 333 1768 389 πράσ-

108 426 200 455 σειν
231 405 448 464 ἀναβολὴν
479 404 688 456 ἐποιεῖτο,
722 404 869 446 πάντα
900 404 1053 460 καιρὸν
1084 403 1336 461 ἐπιτῄδειον
1366 405 1418 460 τῇ
1450 402 1611 456 πράξει
1644 406 1767 456 νομί-

107 479 203 531 ζων.
262 478 331 519 καὶ
369 473 451 531 γὰρ
490 472 553 523 εἷς
592 470 640 514 τὸ
676 473 969 515 Καπετώλιον
1009 470 1189 515 ἀνιόντα
1230 474 1302 515 καὶ
1339 469 1419 521 τὰς
1460 474 1626 519 θυσίας
1656 467 1769 526 ὗπὲρ

104 548 181 603 τῆς
211 541 432 599 θυγατρὸς
462 539 804 594 ἐπιτελουιιέιας
842 538 877 582 1‘
886 540 928 583 ιι)
970 542 1047 583 τοῦ
1082 542 1216 583 Ιαίου
1249 541 1437 595 παρῆν
1427 538 1643 588 ιολλακις
1673 556 1769 582 και-

105 613 201 669 ρός,
242 612 312 654 καὶ
350 607 462 664 ὑπὲρ
492 611 570 665 τῖς
599 610 830 666 βασιλικις
869 609 1102 662 ἱσιιὲμενον
1131 625 1203 651 και
1235 609 1297 663 τιῦ
1330 605 1455 664 δήμῳ
1484 610 1665 660 χριᾘσίοι
1696 609 1769 649 καὶ

106 677 312 736 ἀργυρίου
341 677 542 734 χρήματα
575 677 923 731 διαρριπτουντα
954 692 1069 719 ωσαι
1100 674 1210 719 κατὰ
1251 675 1466 733 κεφαλῆς,
1508 671 1682 731 ὖψηλιὼ
1724 670 1765 715 δ’

105 746 198 791 ἐστὶ
228 745 277 789 τὸ
310 748 433 801 τέγος
463 744 527 795 εἷς
557 744 635 800 τὴν
668 741 830 800 &20de
862 747 1018 801 ([έρον,
1060 744 1091 786 ε’
1091 745 1140 787 τί
1177 760 1225 786 τε
1262 746 1350 786 τῶν
1389 757 1526 799 μιστι
1535 747 1641 797 ρίων
1672 750 1771 792 ταῖς

102 814 339 873 ποιήσεσιν
371 812 398 855 ἃ
430 817 686 856 σινίστατο·
721 812 900 855 πάντων
931 811 1013 868 γὰρ
1045 807 1177 855 αὐτὸν
1210 807 1487 866 απερίοπτον
1519 807 1667 853 εἶναι
1656 827 1770 866 τρο-

104 886 203 939 νοίᾳ
239 883 317 924 τοῦ
356 879 400 924 ἐν
441 877 591 931 αὐτοῖς
631 876 865 935 εἰπρεπιῦς
907 877 1358 938 ἀναστραφησομένου
1404 881 1475 922 καὶ
1518 873 1771 933 ἀπογνώσει

101 952 178 993 τοῦ
217 948 260 993 ἐν
303 948 572 1005 ἐπιχειρήσει
611 950 698 991 τινὶ
735 951 946 1004 γενέσθαι
987 947 1255 990 πιστεύοντα
1293 946 1332 989 εἷ
1371 947 1415 989 δὲ
1448 946 1584 1004 μηδὲν
1621 950 1770 1000 τίμιον

1802 475 1849 514 71

1802 813 1854 853 72

1675 1016 1692 1023 ·
1746 1009 1856 1059 '²73

102 1015 164 1068 ὦς
191 1019 280 1060 τιῦν
310 1019 431 1060 θεῶν
465 1013 582 1072 αι’τῷ
616 1016 799 1070 δύναμιν
830 1018 906 1058 τοῦ
938 1014 1138 1058 θανάτου
1169 1014 1540 1071 παρατυγχάνειν,
1574 1010 1690 1070 αύτῳ
1725 1014 1748 1056 δ

104 1078 157 1129 ὂν
189 1085 310 1140 ι’σχὺν
342 1084 598 1140 ἐγγενέσθαι
640 1085 711 1126 καὶ
748 1082 806 1141 μη
849 1083 1268 1140 σιδηροφορουμένῳ
1308 1082 1642 1140 διαχρήσασθαι
1670 1081 1772 1125 τότε

105 1149 254 1196 Γάιον.
315 1148 455 1202 οἷῗτως
486 1149 610 1210 εὐχῆς
641 1149 727 1206 εἶχε
756 1151 859 1202 τοὺς
891 1151 1148 1205 συνωμότας
1187 1148 1209 1191 ὃ
1243 1154 1443 1206 Χαιρέας
1482 1149 1640 1201 δεδιώς
1668 1149 1772 1200 τοὺς

103 1219 281 1276 καιροὶ-ς
310 1219 368 1278 μὴ
403 1221 660 1275 διαρρυεῖεν.
721 1219 763 1262 οἱ
795 1219 841 1262 δὲ
873 1218 1021 1273 ἑώρων
1041 1219 1121 1273 μὲν
1152 1223 1350 1274 νομίμων
1380 1235 1428 1261 τε
1455 1218 1668 1276 χρῄζοντα
1697 1220 1772 1262 καὶ

38 1284 239 1331 15'''

105 1305 162 1332 επ
217 1293 408 1345 αγαθοῑς
438 1297 533 1338 τοῖς
565 1283 707 1330 αι’-τῶν
740 1285 1037 1343 ἐπειγόμενον,
1070 1283 1120 1330 οὗ
1151 1286 1236 1344 μὴν
1268 1282 1367 1329 ἀλλ’
1406 1282 1552 1343 ιῖξίουν
1584 1287 1648 1337 εἰς
1678 1283 1773 1330 ὀλί-

105 1372 181 1411 γον
201 1358 304 1412 γοῦν
329 1353 548 1412 ἱπερβολῇ
577 1352 848 1411 χρήσασθαι,
879 1354 939 1413 μὴ
961 1360 1035 1398 καί
1056 1373 1117 1413 πῃ
1142 1355 1405 1413 σφάλματος
1424 1357 1477 1411 τῇ
1501 1354 1774 1412 ἐπιχειρήσει

106 1424 399 1474 συνελθόντος
429 1423 665 1478 ταράξαιεν
696 1422 773 1481 τὴν
804 1423 937 1466 πόλιν
970 1423 1186 1481 ζητήσεων
1217 1425 1304 1466 τῶν
1337 1421 1669 1478 συνεγνωκότων
1696 1421 1773 1480 τὴν

106 1491 269 1546 πρᾶξιν
306 1494 546 1547 γινομένων
584 1492 654 1533 καὶ
697 1499 792 1542 τοῖς
831 1487 981 1542 αὐτοῖς
1010 1487 1302 1549 μελλήσουσιν
1333 1490 1571 1546 ἐπιχειρεῖν
1603 1487 1773 1546 ἄπορον

103 1557 183 1613 τὴν
215 1554 522 1614 ἀνδραγαθίαν
553 1557 834 1615 φραξαμένου
859 1561 994 1602 Γαΐου
1027 1558 1141 1614 πρὸς
1163 1555 1322 1609 αὐτούς
1346 1558 1569 1613 μειζόνως.
1629 1559 1773 1608 καλῶς

39 1633 79 1667 20
108 1616 184 1668 οὖν
223 1625 335 1679 ἔχειν
373 1628 580 1680 θεωριῶν
619 1625 663 1668 ἐν
700 1628 762 1682 τῷ
794 1628 1012 1683 Παλατίῳ
1052 1625 1401 1681 ἐπιτελουμένων
1434 1622 1666 1669 ἅπτεσθαι
1696 1628 1774 1668 τοῦ

38 1971 76 2004 25
108 1965 118 1979 ‚

104 1693 347 1751 χρήματος·
388 1691 573 1750 ἄγονται
613 1694 659 1736 δὲ
698 1693 773 1737 ε’πὶ
814 1697 919 1750 τιμῇ
956 1696 1032 1737 τοῦ
1064 1694 1244 1749 πρώτου
1275 1697 1664 1752 μεταστησαμένου
1698 1694 1774 1751 τὴν

107 1757 241 1820 ἀρχὴν
271 1764 349 1804 τοῦ
381 1761 519 1819 δήμου
543 1765 770 1816 Καίσαρος
795 1761 858 1811 εἷς
889 1757 1021 1805 αὐτὸν
1051 1762 1208 1819 μικρόν
1237 1779 1285 1805 τε
1315 1761 1403 1818 πρὸ
1435 1765 1514 1805 τοῦ
1543 1763 1774 1817 βασιλείου

104 1828 294 1887 καλύβης
325 1832 494 1888 πηκτοῦ
523 1832 768 1886 γενομένης,
800 1830 873 1872 καὶ
899 1826 1123 1884 Ῥωμαίων
1152 1846 1200 1873 τε
1221 1831 1264 1873 οἱ
1285 1826 1552 1886 εὐπατρίδαι
1573 1832 1774 1886 θεωροῦ-

107 1911 176 1941 σιν
207 1895 318 1951 ὃμοῦ
350 1900 508 1941 παισὶν
546 1899 618 1940 καὶ
648 1896 843 1952 γυναιξὶν
873 1898 946 1940 καὶ
986 1894 1008 1940 δ
1041 1902 1240 1953 Καῖσαρ·
1281 1898 1509 1956 ῥᾳστώνην
1545 1915 1594 1941 τε
1626 1894 1775 1948 αὐτοῖς

106 1964 294 2008 ε’σεσθαι
325 1966 503 2009 πολλῶν
533 1965 760 2022 μυριάδων
791 1960 1048 2020 ἀνθρώπιον
1070 1965 1133 2016 εἰς
1161 1964 1310 2022 ὀλίγον
1327 1970 1492 2023 χωρίον
1513 1969 1775 2022 καθειργνυ-

218 2088 455 2124 AMWELat

223 2149 238 2180 1
269 2140 499 2187 ὀκνούντων,
525 2140 568 2181 ού
593 2155 638 2179 ex
655 2157 676 2180 ο
695 2155 787 2180 corr.
806 2145 845 2178 M
871 2141 1075 2182 ὀκνωντων
1094 2145 1142 2179 W
1236 2142 1456 2184 ὀκνούντων
1479 2150 1645 2190 πολλῶν]
1673 2145 1776 2185 ὄκνω

109 2204 186 2237 τῶν
210 2203 364 2237 πολλῶν
388 2201 421 2236 Ε
445 2199 529 2235 dum
553 2199 685 2234 multos
707 2201 877 2246 seqniez'es
900 2202 1077 2237 detineret
1098 2202 1171 2238 Lat
1300 2200 1406 2240 ἔσται
1431 2201 1540 2246 ἑκὼν]
1569 2223 1577 2231 ·
1598 2224 1606 2231 ·
1624 2224 1632 2231 ·
1650 2224 1658 2231 ·
1679 2201 1778 2241 ἑκὼν

110 2258 143 2291 Α
168 2253 265 2293 ἑκὼν
288 2256 321 2291 Ε
459 2257 479 2290 2
503 2258 549 2302 τῇ
573 2253 716 2303 πράξει]
749 2257 782 2292 Ε
813 2255 968 2304 πράξειν
991 2259 1064 2294 AM
1095 2262 1230 2306 πρᾶξιν
1254 2259 1301 2294 W
1332 2260 1383 2294 ad
1411 2260 1590 2307 assandum
1615 2260 1687 2296 Lat

112 2315 131 2346 3
155 2310 388 2348 καπιτώλιον
412 2315 436 2354 (ι
460 2314 545 2348 ante
569 2325 589 2348 τ
613 2312 637 2346 i.
662 2323 734 2348 ras.
759 2314 804 2351 A)
827 2314 935 2350 ΑΜΕ
1073 2318 1137 2352 καὶ
1160 2313 1241 2358 τὰς]
1273 2312 1370 2353 κατὰ
1398 2316 1430 2350 Ε
1567 2312 1688 2362 *ὑπὲρ
1712 2319 1778 2363 τῆς

111 2365 315 2415 θυγατρὸς]
340 2364 414 2405 ὑπὸ
439 2371 508 2404 τοῦ
532 2364 684 2413 πατρὸσ
707 2369 745 2403 Μ
838 2373 856 2405 5
882 2375 937 2420 τῷ
962 2382 1028 2407 om.
1052 2372 1141 2407 MW
1233 2375 1253 2406 6
1278 2367 1382 2410 *ὦσε
1404 2372 1452 2408 W
1544 2369 1584 2410 δέ
1608 2373 1732 2408 ΜΨΕ

113 2428 130 2459 ἰ’
156 2424 304 2471 *τέγος1
331 2424 468 2470 στέγοσ
492 2424 579 2458 ΜΨ
669 2423 743 2467 ἐπὶ]
768 2423 821 2462 ἔτι
845 2426 878 2461 Ε
903 2427 1022 2463 adhuc
1046 2428 1117 2464 Lat
1220 2431 1240 2464 8
1265 2430 1482 2472 συνίστατο]
1508 2431 1662 2466 συνίστα
1688 2427 1778 2467 τότε

112 2481 236 2516 ΜΨΕ
328 2483 540 2527 περίοπτον
555 2481 588 2516 Ε
683 2484 723 2516 10
748 2485 819 2518 τινὶ
834 2483 1013 2528 γενέσθαι
1029 2483 1269 2527 πιστεύοντα]
1294 2484 1378 2522 τινὰ
1395 2483 1584 2523 πιστεύειν
1598 2486 1779 2533 γενέσθαι

113 2536 146 2571 Ε
238 2539 365 2582 τίμιον
389 2533 453 2580 ὦς]
479 2544 635 2584 σημεῖον
659 2533 710 2580 ὡς
733 2533 811 2575 α’πὸ
829 2539 982 2576 Hudson
1076 2543 1116 2576 12
1141 2539 1244 2584 τότε]
1270 2539 1339 2579 τόν
1355 2555 1397 2579 τε
1413 2542 1502 2576 ΜΨ
1597 2545 1637 2577 13
1656 2537 1779 2585 οὕτως

114 2613 153 2618 -
182 2593 362 2639 Χαιρέας]
388 2598 524 2629 lantum
550 2594 677 2630 habuit
700 2605 779 2629 cum
804 2597 1004 2632 coniuratis
1027 2597 1201 2633 chaereas
1224 2599 1392 2634 ardorem
1415 2598 1488 2634 Lat
1579 2593 1700 2644 εὐχῆς]
1726 2593 1777 2633 δι’

115 2645 234 2696 δργῆσ
258 2650 292 2684 Ε
318 2645 439 2697 ὀργῆσ
462 2650 485 2684 i.
510 2661 621 2695 marg.
645 2652 679 2685 A
771 2654 814 2686 14
837 2655 1025 2700 διαρρυεῖν
1048 2654 1088 2688 Μ
1113 2652 1301 2702 διαρρύειν
1317 2655 1364 2689 Ψ
1440 2650 1500 2690 *δ’
1517 2653 1605 2687 ΜΨ
1676 2654 1778 2697 νομί-

113 2709 209 2750 μων]
233 2704 364 2751 νόμων
388 2708 422 2741 Α
510 2705 710 2753 χρήζωντα
734 2707 782 2742 Ψ
876 2712 916 2744 15
941 2705 1036 2746 α’λλὰ
1053 2709 1087 2744 Ε
1181 2713 1221 2746 16
1245 2708 1489 2758 *ὑπερβολὴν
1512 2713 1546 2744 A
1636 2710 1703 2744 καί
1726 2722 1778 2754 πῃ

115 2760 350 2808 σφάλματος]
374 2766 437 2800 καὶ
461 2762 753 2809 ἐπισφάλματοσ
775 2763 864 2799 ΜΨ
887 2767 952 2801 καὶ
975 2763 1203 2811 σφάλματοσ
1227 2767 1261 2801 Ε
1384 2771 1423 2801 1ῖ
1449 2763 1630 2812 ταράξαιε
1654 2765 1688 2799 Ε

119 2820 158 2853 18
182 2820 414 2882 γιγνομένων
437 2820 525 2854 ΜΨ
616 2822 680 2855 καὶ
704 2825 786 2862 τοῖς
808 2839 852 2845 -
879 2824 919 2856 19
943 2819 1139 2866 μειζόνως]
1163 2828 1198 2857 et
1221 2823 1434 2858 insidiarum
1458 2824 1531 2857 iam
1548 2832 1623 2856 non
1639 2821 1779 2857 ualeret

118 2873 282 2910 utilitas
269 2887 308 2910 m
321 2876 452 2921 futuro
468 2876 540 2912 Lat
609 2872 751 2918 αυτοῖς]
776 2871 885 2919 αι”θις
900 2877 1094 2913 Holwerda.
1118 2874 1212 2924 αὐτῇ
1228 2879 1373 2914 Bekker
1452 2875 1678 2924 μελήσουσιν
1694 2877 1733 2911 Μ

121 2931 162 2964 19
186 2924 456 2978 ἀνδραγαθίαν]
481 2928 765 2979 ανδραγαθείαν
789 2933 836 2967 Ψ
861 2928 1126 2981 ανδραγαθίαν
1151 2947 1350 2981 ποιησαιεν
1372 2934 1526 2971 Hudson
1619 2936 1661 2969 22
1685 2929 1777 2970 *αύ-

119 2980 201 3027 τὸν]
224 2989 447 3035 semetipsum
472 2989 544 3024 Lat
651 2992 692 3024 23
718 2993 771 3032 τε]
797 2990 835 3026 δὲ
858 2990 892 3025 Ε
1008 2994 1051 3025 24
1074 2991 1143 3027 *τε
1167 3002 1195 3026 s·
1221 2992 1258 3025 M
1367 2994 1409 3026 25
1433 2990 1722 3039 καθειργμένων
1743 2991 1776 3026 Ε

1805 1225 1857 1263 74

1807 1901 1859 1942 76
