2051 3397
515 213 674 257 ANTIQ.
702 212 795 248 IUD.
821 211 921 247 xv11
949 214 1123 246 :azaz-:³37
1150 215 1268 254 (xnus)
1646 212 1724 251 133

66 329 174 387 ὄψιν
214 325 332 384 αὐτῷ
370 327 446 370 τὸν
474 322 776 381 Ἀλέξανδρον.
837 322 859 367 ὁ
902 325 947 367 δὲ
989 321 1142 381 ἀνῆγεν
1184 320 1309 367 οὐδέν
1347 342 1387 366 τι
1427 327 1614 378 βελτίων
1650 325 1724 369 ἐπὶ

66 401 118 456 τῇ
157 402 296 453 κρίσει
335 396 421 437 τῶν
461 394 639 435 πολλῶν
678 393 921 448 γενόμενος.
992 391 1039 435 οι”
1084 393 1169 449 μην
1211 392 1386 447 Καῖσάρ
1424 410 1468 447 γε
1511 389 1725 449 ἠπατᾶτο,
1759 399 1839 438 333

68 460 164 510 ἀλλ’
203 455 251 520 ἦν
280 463 359 517 μὲν
390 461 593 518 ἐμφερής,
627 456 676 502 οὗ
707 459 793 516 μην
825 456 933 502 ὥστε
970 457 1199 517 ἀπατῆσαι
1220 459 1322 510 τοὺς
1343 460 1586 516 σωφρόνως
1608 460 1728 502 ἐκλο-

67 532 268 591 γίζεσθαι
302 530 587 583 δυναμένους·
622 524 858 584 αὐτουργία
890 545 933 570 τε
967 527 1047 583 γὰρ
1073 528 1271 584 ἐτέτρυτο
1303 524 1325 569 ὁ
1351 527 1730 583 ψευδαλέξανδρος

21 612 40 645 6
66 602 138 645 καὶ
169 596 291 654 παρὰ
321 595 370 639 τὸ
405 595 554 651 ἐκείνῳ
586 595 778 649 ῥαδαλὸν
810 598 887 638 τοῦ
911 595 1115 650 σώματος
1139 593 1224 638 ὑπὸ
1247 597 1415 652 τρυφῆς
1441 598 1513 638 καὶ
1535 596 1731 650 γενναιό-

66 683 195 726 τητος
226 664 536 720 συνερχόμενον
559 662 634 706 διὰ
664 663 718 727 τᾲ
750 662 926 706 ἐναντία
957 663 1069 719 τῷδε
1100 662 1467 720 ἐπισκληρότερον
1490 662 1733 718 ἐξεβεβήκει

67 734 116 780 τὸ
150 736 290 788 σῶμα.
350 731 632 786 θεασάμενος
664 731 738 773 ου’-ν
770 730 1082 786 συμπνευσμὸν
1113 731 1190 774 ἐπὶ
1221 730 1491 787 ψευδολογίᾳ
1523 730 1731 773 διδασκά-
1764 735 1844 775 334

70 805 145 848 λου
175 803 244 844 καὶ
277 801 485 857 μαθητοῦ
516 800 587 841 καὶ
621 799 760 854 λόγων
795 800 1024 855 τολμηρῶν
1065 798 1370 855 συγκρότησιν,
1413 797 1587 854 ἐξήταζε
1629 799 1731 852 περὶ

65 866 422 927 Ἀριστοβούλου,
453 871 498 910 τί
528 868 599 909 καὶ
631 867 803 923 γεγόνοι
826 868 1138 917 συνεκκλαπεὶς
1161 863 1292 922 αὐτῷ,
1325 867 1397 908 καὶ
1421 862 1480 908 δι’
1508 864 1558 921 ἠν
1586 864 1733 907 αἰτίαν

23 949 43 984 o
70 933 118 983 οὗ
150 935 446 991 παραγεγόνοι
477 934 858 989 μεταποιούμενος
896 936 974 990 τῆς
1006 929 1154 985 άξίας,
1198 930 1246 992 ἧς
1284 936 1478 989 προσῆκε
1510 932 1733 988 τυγχάνειν

68 1004 169 1056 τοὺς
199 1004 312 1048 οὕτω
342 1002 597 1059 γεγονότας;
628 1005 827 1059 φαμένου
860 997 900 1043 δ’
937 1000 1010 1044 ε’πὶ
1045 1002 1176 1058 νήσου
1206 1004 1284 1058 τῆς
1306 1005 1519 1055 Κυπρίων
1550 1001 1733 1042 καταλε-
1766 1006 1847 1046 335

71 1075 258 1130 λεῑφθαι
303 1071 512 1114 κινδύνων
560 1067 775 1127 ὑφοράσει
812 1071 900 1112 τῶν
936 1068 1046 1111 κατὰ
1086 1069 1348 1121 θάλασσαν,
1396 1068 1433 1111 εἰ
1473 1070 1576 1122 περὶ
1619 1064 1737 1123 αὐτῷ

71 1143 252 1197 συσταίη
285 1157 328 1182 τι
360 1139 525 1191 δεινόν,
565 1137 623 1195 μὴ
658 1137 871 1187 παντελὲς
909 1135 1188 1194 ἐξαλείφοιτο
1218 1136 1267 1179 τὸ
1301 1135 1582 1193 ᾖΙαριάιιιιης
1612 1140 1734 1192 γένος

73 1205 182 1253 ἀλλὰ
220 1206 389 1263 περιιὸν
424 1202 765 1261 Ἀριστόβουλος
803 1207 927 1258 με’νοι
965 1204 1069 1255 τοὺς
1111 1204 1552 1259 ἐπιβεβουλευκότας,
1598 1206 1736 1246 ταῑτα
1767 1210 1848 1250 336

14 1285 46 1320 5
73 1274 443 1331 διισχυριζομένου
474 1275 544 1316 καὶ
571 1274 841 1322 συνεστῶτος
863 1267 983 1326 αὐτῷ
1011 1273 1089 1313 τοῦ
1109 1275 1414 1328 μηχανοποιοῦ
1435 1275 1512 1330 τῆς
1533 1272 1738 1327 πράξεως

73 1348 247 1399 Καῖσαρ
277 1341 529 1396 καταμόνας
560 1337 804 1394 ἀπολαβών
834 1338 883 1382 τὸ
917 1338 1144 1395 μειράκιον
1167 1336 1308 1390 ,,άλλὰ
1331 1342 1401 1383 σοὶ
1424 1340 1605 1395 μισθός,
1638 1340 1736 1397 ἔφη,

10 1405 11 1409 ¹
72 1414 356 1468 προκείσεται
393 1411 470 1451 τοῦ
509 1411 566 1465 μη
610 1411 682 1452 καὶ
714 1406 829 1462 πρὸς
860 1406 936 1461 ἐμὲ
967 1403 1117 1463 ἀπάτῃ
1146 1410 1417 1465 χρησομένου
1448 1407 1496 1451 τὸ
1530 1407 1586 1464 μὴ
1623 1405 1738 1451 ἀπο-

12 1476 13 1481 *
74 1478 280 1533 λούμενον
319 1479 397 1533 τῆς
437 1480 679 1533 σωτηρίας·
723 1475 846 1532 φάθι
884 1474 937 1531 δή
974 1492 1051 1530 μοι
1093 1471 1225 1518 αὐτόν
1265 1491 1310 1518 τε
1341 1474 1390 1525 ὃς
1420 1469 1480 1518 ὢν
1515 1476 1739 1531 τυγχάνεις

8 1559 13 1563 “
72 1548 144 1591 καὶ
175 1546 224 1597 ὅς
255 1560 304 1588 σε
333 1544 487 1588 τοιάδε
517 1536 592 1601 ᾖξε
612 1544 831 1599 τολμῆσαι
864 1543 1170 1587 διανοεῖσθαι·
1201 1542 1350 1597 μεῖζον
1379 1542 1461 1599 γὰρ
1482 1542 1530 1586 τὸ
1556 1543 1738 1598 ἐπιβού-

18 1630 27 1649 ·,
74 1615 209 1669 λευμα
238 1616 392 1663 κακίας
423 1611 722 1669 ἐγκεχείρηκας
748 1611 917 1668 χρόνων
940 1610 1014 1662 οὓς
1034 1610 1221 1667 γεγονώς
1242 1610 1509 1667 τυγχάνεις.“
1567 1613 1638 1654 καὶ
1672 1611 1736 1667 δή,
1770 1615 1850 1657 337

11 1671 13 1674 Α
77 1678 124 1726 οὗ
154 1680 237 1739 γὰρ
267 1672 319 1739 ἦν
352 1677 497 1731 ἄλλως
528 1679 760 1735 πράσσειν,
794 1678 952 1736 φράζει
982 1677 1097 1734 πρὸς
1127 1678 1204 1721 τὸν
1236 1683 1443 1731 Καίσαρα
1472 1677 1522 1722 τὸ
1557 1678 1740 1733 ἐπιβού-

76 1751 225 1804 λευμα,
256 1743 306 1792 ὅν
336 1764 384 1791 τε
412 1747 583 1804 τρόπον
612 1749 684 1790 καὶ
715 1742 797 1804 ὑφ’
834 1743 884 1789 οὗ
905 1746 1110 1802 τυγχάνοι
1133 1750 1423 1802 συγκείμενον.
1483 1748 1556 1790 καὶ
1581 1744 1602 1788 ὁ
1627 1751 1740 1790 Καῖ-

14 1811 17 1880 ’1
77 1832 159 1873 σαρ
189 1815 265 1860 τὸν
296 1815 375 1871 μὲν
408 1814 803 1871 ψευδαλέξανδρον,
838 1810 886 1857 οὗ
917 1813 1000 1870 γὰρ
1023 1813 1244 1869 ἐψεύσατο
1267 1811 1506 1870 ὁμολογίαν
1527 1832 1605 1871 την
1626 1814 1741 1869 πρὸς

188 1953 209 1994 ς
226 1953 292 1986 332
309 1967 352 1978 =
369 1950 451 1985 ben.
469 1950 550 1985 Iud.
565 1949 601 1984 11
620 1953 695 1986 107.

190 2074 619 2110 PAMWELatZonaras
643 2074 661 2109 I
684 2085 719 2119 p.
745 2078 821 2110 471.

18 2163 19 2166 ,
194 2133 213 2165 2
237 2126 322 2176 μὴν]
345 2127 419 2176 μὴν
442 2130 481 2167 δὲ
505 2130 538 2165 Ε
631 2134 686 2177 γε]
711 2131 749 2168 δὲ
772 2131 873 2174 ΜΨ,
899 2141 965 2166 om.
983 2131 1016 2166 E
1086 2126 1256 2177 η’πάτητο
1281 2130 1438 2166 AMWE
1508 2134 1528 2164 4
1553 2129 1742 2176 ἐτέτρυτο]

18 2193 20 2197 “
81 2183 318 2232 ἐτετράχωτο
343 2185 431 2220 ΜΨ
454 2183 688 2233 ἐτετρύχωτο
713 2186 746 2221 Ε
868 2190 887 2222 5
913 2183 1092 2234 ῥαδαλὸν]
1118 2184 1288 2234 ῥαδαρὸν
1312 2187 1401 2222 ΜΨ
1426 2185 1581 2234 ῥαδινόν
1604 2187 1636 2221 E
1660 2190 1698 2223 et
1720 2187 1742 2223 i.

19 2276 21 2284 ,
81 2252 192 2286 marg.
216 2243 249 2276 A
318 2243 470 2288 τρυφῆς]
497 2242 530 2276 Ε
553 2245 703 2289 τροφῆσ
726 2243 830 2278 codd.
856 2243 995 2278 deliciis
1018 2244 1089 2278 Lat
1159 2245 1178 2277 6
1204 2245 1312 2292 τῷδε]
1338 2243 1393 2278 ed.
1415 2255 1470 2289 pr.
1497 2246 1552 2279 τῶ
1576 2245 1613 2281 δὲ
1639 2245 1743 2280 codd.

19 2302 22 2348 ζ
83 2298 116 2332 Ε
245 2294 578 2344 ἐπισκληρότερον]
602 2298 749 2334 Bekker
771 2297 833 2335 ἐπὶ
858 2297 1117 2347 σκληρότερον
1141 2297 1431 2347 (axhypw'vepow
1445 2299 1487 2342 P)
1512 2300 1615 2337 codd.
1641 2299 1745 2347 πρὸσ

83 2350 342 2399 σκληρότερον
366 2352 398 2387 Ε
491 2356 509 2387 7
534 2352 824 2400 *συνπνευσμὸν
847 2356 875 2391 Ρ
968 2360 988 2391 9
1013 2357 1342 2393 συνεκκλαπέντοσ
1359 2357 1415 2392 ed.
1432 2367 1486 2402 pr.
1557 2361 1599 2392 10
1624 2370 1745 2402 παρα-

21 2419 23 2445 ὲ
82 2407 231 2457 γεγόνει
255 2409 295 2444 M
402 2411 437 2443 11
465 2408 503 2445 δὲ
526 2409 650 2445 ΜΨΕ
753 2413 846 2458 *τῆς
870 2422 937 2448 om.
962 2413 1002 2447 M
1104 2414 1267 2458 κυπρίου
1289 2413 1322 2448 Ε
1432 2414 1746 2460 *καταλελῆφθαι

83 2466 113 2502 Ρ
214 2468 254 2500 12
278 2461 502 2511 *ὑφοράσει]
527 2461 774 2514 ὑποφωράσει
799 2468 886 2503 ΜΨ
1001 2466 1199 2506 θάλατταν
1221 2470 1256 2504 Ε
1371 2470 1414 2512 εἰ]
1436 2467 1499 2506 ἵνα
1525 2467 1556 2506 εἷ
1580 2471 1614 2505 Α
1635 2465 1690 2506 ἵν’
1715 2469 1750 2506 εἰ

23 2542 24 2554 ,
83 2522 161 2558 Zon
185 2523 249 2558 καὶ
274 2520 308 2557 εἰ
331 2520 365 2555 Ε
434 2520 502 2556 litt.
526 2518 589 2558 ἵνα
615 2522 649 2559 εἰ
669 2525 756 2570 περὶ
781 2519 898 2561 αὐτόν
920 2525 945 2560 i.
962 2536 1034 2561 ras.
1053 2527 1260 2570 angustiore
1282 2537 1329 2561 m.
1348 2529 1367 2561 2
1385 2528 1418 2562 A
1489 2521 1604 2574 αὐτῷ]
1629 2521 1748 2562 αὐτὸν

83 2578 150 2614 AE
176 2573 302 2614 αὐτῶν
325 2575 413 2611 ΜΨ
508 2579 547 2613 13
573 2580 742 2625 συσταίη]
767 2581 878 2626 σταίη
900 2580 930 2616 P
955 2577 1112 2628 οὕσταίη
1136 2582 1224 2617 ΜΨ
1247 2581 1402 2629 ἕνσταίη
1423 2582 1456 2617 Ε
1548 2585 1749 2619 παντελῶσ

21 2640 23 2646 ’
83 2634 157 2670 ΜΕ
255 2631 490 2678 ἐξαλείφοιεν
513 2633 600 2669 ΜΨ
624 2633 838 2682 ἐξαλειφοίη
862 2636 896 2671 Ε
1008 2639 1155 2684 μαρίασ
1179 2638 1212 2672 Ε
1237 2635 1399 2685 Μαριὰμ
1421 2638 1499 2673 Zon
1615 2641 1656 2674 15
1680 2633 1749 2673 *δ’

86 2688 370 2737 ἰσχυριζομένου
393 2689 457 2724 ΡΑ
597 2694 638 2726 16
663 2688 744 2738 ἔφη]
769 2689 850 2729 εἷπε
873 2694 973 2735 (-πεν
995 2694 1058 2735 A1)
1080 2693 1238 2728 AMWE
1374 2697 1412 2728 17
1435 2694 1677 2741 χρησαμένου
1700 2694 1748 2728 Ψ

85 2743 301 2794 χρήσασθαι
323 2745 357 2780 Ε
454 2748 493 2781 18
519 2743 668 2783 *αὐτόν
691 2749 723 2782 Α
749 2742 875 2784 αὐτῶν
897 2748 926 2783 Ρ
1021 2751 1061 2783 19
1087 2743 1162 2794 ἦξε]
1187 2752 1250 2794 ἦξε
1273 2749 1301 2783 Ρ
1325 2743 1400 2795 ἦξε,
1425 2763 1442 2786 ε
1467 2761 1512 2786 ex
1537 2764 1575 2786 αι
1599 2761 1693 2786 corn
1715 2752 1750 2785 A

85 2801 289 2850 perpulerit
311 2801 382 2837 Lat
451 2797 514 2848 ᾖξε
538 2807 735 2850 τολμῆσαι]
760 2801 985 2851 ἐξετόλμησε
1008 2804 1132 2840 ΜΨΕ
1203 2808 1450 2848 διανοεῖσθαι,
1474 2820 1512 2842 ια
1530 2817 1575 2842 ex
1592 2819 1613 2842 ο
1629 2826 1637 2834 ·
1657 2817 1749 2842 corr.

23 2881 25 2884 <
86 2859 116 2894 P
207 2860 249 2893 20
274 2856 543 2906 ἐνκεχείρηκασ
559 2860 587 2895 Ρ
611 2854 659 2907 ἧσ
679 2860 948 2908 ἐγκεχείρηκασ
964 2860 1085 2896 AMW
1179 2858 1256 2904 οὓς]
1282 2859 1391 2898 οῗουσ
1407 2861 1495 2897 ΜΨ
1588 2865 1629 2898 21
1656 2861 1751 2911 φρά-

90 2918 143 2961 ζει
166 2911 351 2961 πράσσειν
372 2917 419 2952 tr.
443 2916 482 2951 M
586 2914 774 2964 *φράζειν
798 2916 845 2952 Ψ
949 2920 991 2952 22
1016 2914 1129 2963 *ῧφῚ
1154 2913 1219 2964 ἐφ’
1243 2918 1331 2953 ΜΨ
1429 2916 1602 2965 τυγχάνει
1628 2919 1660 2954 Ε

88 2969 404 3018 *συγκεινημένον
427 2971 455 3007 Ρ
