2074 3392
237 169 318 207 142
682 168 843 211 ANTIQ.
867 168 964 204 IUD.
988 167 1110 203 XVIII
1137 171 1268 203 11-16
1293 171 1327 210 (1.
1342 170 1442 210 2—4)

154 287 202 326 11
351 286 390 325 2.
443 277 676 333 Ἰουδαίοις
707 283 978 339 φιλοσοφίαι
1007 289 1125 336 τρεῖς
1152 271 1265 338 ἦσαν
1296 280 1342 324 ἐκ
1369 283 1449 324 τοῦ
1469 281 1589 324 πάνυ
1611 276 1793 336 ἀρχαίου
1813 283 1902 326 τῶν

236 354 459 406 πατρίων,
497 348 527 407 ἥ
561 366 609 392 τε
645 352 734 392 τιῦν
758 345 975 406 Ἐσσηνῶν
1012 349 1086 391 καὶ
1123 345 1148 404 ἡ
1190 351 1278 391 τῶν
1308 349 1634 401 Σαδδουκαίων,
1672 352 1822 406 τρίτην
1854 348 1903 391 δὲ

237 417 540 475 ἐφιλοσόφουν
581 417 623 460 οἱ
666 422 911 472 Φαρισαῖοι
950 415 1190 471 λεγόμενοι.
1257 417 1331 459 καὶ
1368 415 1570 472 τυγχάνει
1607 419 1759 470 μέντοι
1797 417 1903 472 περὶ

237 481 381 528 αῦτιῦν
410 482 515 542 ἡμῖν
547 483 753 542 εἰρημένα
784 485 828 527 ἐν
857 486 911 541 τῇ
943 483 1126 541 δευτέρᾳ
1153 484 1294 565 βίβλῳ
1323 486 1402 527 τοῦ
1427 480 1668 528 Ἰουδαϊκοῦ
1688 484 1901 538 πολέμου,

235 552 556 610 μνησθήσομαι
587 548 629 595 δ’
665 552 786 607 ὅμως
815 554 890 595 καὶ
922 553 995 594 νῦν
1026 546 1172 593 αὐτῶν
1203 547 1277 594 ἐπ’
1313 547 1474 607 ὀλίγον.

154 623 206 662 12
351 624 389 665 3.
455 621 515 664 Οί
541 637 589 663 τε
617 619 700 676 γὰρ
735 625 981 675 Φαρισαῖοι
1018 617 1096 675 τὴν
1127 617 1304 661 δίαιταν
1334 616 1673 670 ἐξευτελίζουσιν
1704 613 1830 661 οῦδὲν
1860 616 1905 669 ἐς

234 706 284 732 το
316 688 627 743 μαλακώτερον
658 687 914 739 ἐνδιδόντες,
947 690 1008 729 ών
1037 702 1086 728 τε
1116 683 1139 728 ὅ
1173 685 1302 741 λόγος
1330 690 1479 742 κρίνας
1509 686 1764 742 παρέδωκεν
1795 680 1904 741 ἀγα-

234 759 334 799 θῶν
366 755 552 800 έπονται
580 773 632 813 τη
664 754 877 812 ἡγεμονία
907 753 1208 811 περιμάχητον
1246 751 1477 811 ἡγούμενοι
1506 753 1584 811 τὴν
1615 751 1813 811 φυλακὴν
1842 756 1904 796 ῶν

234 821 526 880 ὑπαγορεύειν
555 819 789 880 ἠθέλησεν.
847 824 979 879 τιμῆς
1007 838 1055 878 γε
1083 830 1179 871 τοῖς
1208 818 1358 878 ἡλικία
1386 821 1658 878 προήκουσιν
1693 838 1905 877 παραχω-
1929 848 1936 856 ·

235 894 386 948 ροῦσιν
418 887 513 934 οὐδ’
549 887 624 934 ἐπ’
661 886 877 941 ἀντιλέξει
906 893 994 933 τῶν
1016 889 1341 947 εἰσηγηθέντων
1361 891 1500 931 ταῦτα
1522 889 1565 932 οἱ
1585 889 1752 946 θράσει
1773 888 1906 933 ἐπαι-

154 963 205 1003 13
236 959 429 1016 ρόμενοι,
488 958 782 1016 πράσσεσθαί
810 975 859 1001 τε
889 958 1128 1014 εἱμαρμένῃ
1169 955 1225 999 τὰ
1263 951 1413 998 πάντα
1443 951 1667 1008 ἀξιοῦντες
1697 952 1798 1000 οὐδὲ
1827 957 1907 1000 τοῦ

237 1024 527 1084 ἀνθρωπείου
556 1026 606 1071 τὸ
637 1026 907 1082 βουλόμενον
928 1028 1005 1083 τῆς
1027 1020 1099 1068 ἐπ
1127 1020 1277 1074 αυτοῖς
1298 1021 1436 1080 ὁρμῆς
1458 1019 1756 1081 ἀφαιροῦνται
1777 1024 1907 1080 δοκῆ-

237 1110 319 1138 σαν
349 1097 414 1152 τιῦ
442 1097 540 1151 θειῦ
570 1098 714 1151 κρίσιν
743 1098 956 1151 γενέσθαι
985 1095 1059 1136 καὶ
1087 1095 1151 1149 τιῦ
1182 1091 1347 1149 ἐκείνης
1375 1093 1673 1150 βουλευτηρίω
1707 1094 1780 1136 καὶ
1816 1093 1906 1135 τῶν

155 1170 207 1208 14
238 1160 509 1245 ἀνθρώπιον
526 1165 589 1220 τιῦ
621 1162 889 1221 ἐθελήσαντι
910 1169 1188 1218 προσχωρεῖν
1209 1154 1307 1214 μετ’
1335 1154 1491 1215 ἀρετῆς
1512 1177 1536 1216 η
1558 1163 1726 1210 κακίας.
1786 1158 1906 1202 ἀθά-

237 1231 369 1275 νατόν
407 1247 455 1274 τε
495 1230 615 1285 ἰσχὺν
655 1239 754 1281 ταῖς
795 1238 958 1285 ψυχαῖς
995 1233 1150 1279 πίστις
1189 1223 1339 1277 αὐτοῖς
1369 1224 1484 1270 εἶναι
1512 1228 1587 1270 καὶ
1616 1226 1705 1270 υπὸ
1738 1225 1935 1281 χθονὸςς

237 1299 492 1349 δικαιώσεις
529 1315 576 1341 τε
611 1300 684 1341 καὶ
723 1296 856 1352 τιμὰς
896 1296 962 1348 οἷς
1001 1292 1157 1353 ἀρετῆς
1194 1290 1221 1352 ἢ
1259 1299 1413 1346 κακίας
1451 1293 1733 1352 ἐπιτήδευσις
1768 1293 1813 1337 ἐν
1842 1296 1907 1350 τῷ

237 1371 320 1424 βίῳ
350 1369 547 1422 γέγονεν,
586 1367 660 1408 καὶ
696 1374 795 1416 ταῖς
833 1365 913 1420 μὲν
953 1363 1130 1420 εἱργμὸν
1163 1360 1309 1407 ἀίδιον
1347 1365 1684 1419 προτίθεσθαι,
1722 1371 1822 1412 ταῖς
1859 1361 1908 1405 δὲ

155 1441 206 1478 15
238 1434 466 1492 ῥᾳστώνην
495 1435 574 1477 τοῦ
605 1429 830 1488 ἀναβιοῦν.
889 1433 963 1476 καὶ
995 1427 1057 1475 δι’
1095 1427 1206 1475 αὐτὰ
1225 1440 1321 1482 τοῖς
1346 1447 1393 1474 τε
1415 1430 1572 1488 δήμοις
1592 1429 1909 1474 πιθανώτατοι

235 1501 521 1558 τυγχάνουσιν
559 1503 633 1544 καὶ
672 1498 824 1544 ὁπόσα
862 1504 970 1544 θεῖα
1002 1496 1137 1554 εῦχιῦν
1166 1516 1215 1542 τε
1245 1500 1389 1553 ἔχεται
1418 1500 1493 1542 καὶ
1524 1498 1652 1554 ἱερῶν
1682 1497 1909 1552 ποιήσεως

237 1569 437 1628 ἐξηγήσει
466 1572 520 1626 τῇ
552 1568 727 1613 ἐκείνων
757 1568 1042 1625 τυγχάνουσιν
1079 1566 1384 1624 πρασσόμενα.
1445 1566 1509 1617 εἷς
1537 1565 1721 1610 τοσόνδε
1751 1561 1908 1623 ἀρετῆς

239 1633 390 1688 αὐτοῖς
422 1637 469 1680 αἱ
498 1636 655 1688 πόλεις
686 1636 989 1694 ἐμαρτύρησαν
1021 1634 1302 1693 ἐπιτηδεύσει
1329 1637 1408 1678 τοῦ
1448 1634 1524 1678 ἐπὶ
1554 1637 1671 1678 πᾶσι
1703 1637 1906 1691 κρείσσο-

238 1722 311 1756 νος
341 1705 387 1748 ἰέν
416 1722 464 1748 τε
493 1707 548 1762 τῇ
580 1705 726 1761 διαίτῃ
756 1707 835 1748 τοῦ
863 1708 965 1759 βίου
995 1706 1067 1747 καὶ
1100 1702 1260 1759 λόγοις.

156 1779 206 1819 16
352 1778 391 1815 4.
451 1773 771 1823 Σαδδουκαίοις
803 1772 850 1815 δὲ
880 1771 960 1822 τὰς
991 1769 1136 1827 ψυχὰς
1166 1768 1188 1814 ὃ
1222 1770 1350 1826 λόγος
1381 1770 1667 1828 συναφανίζει
1695 1778 1790 1821 τοῖς
1818 1768 1907 1813 σώ-

352 1941 373 1985 ξ
402 1945 435 1975 ιι
466 1957 508 1969 =
534 1941 616 1976 ben.
642 1941 720 1976 1ud.
744 1940 779 1974 11
808 1943 890 1982 119;
916 1941 935 1983 ς
963 1941 1003 1973 12
1027 1957 1072 1968 =
1096 1938 1179 1974 ben.
1204 1939 1283 1973 1u‹1.
1308 1938 1344 1972 11
1374 1940 1446 1972 162.

351 2086 751 2123 AMWELatZonaras
774 2086 793 2120 I
816 2088 955 2131 Ρ.-1ῖ4.

352 2148 371 2180 2
396 2141 444 2191 *ἡ
469 2147 565 2189 (post
587 2146 663 2186 καὶ)
689 2153 756 2178 om.
782 2144 816 2178 A
931 2144 950 2176 3
977 2140 1214 2187 *λεγομένοι,
1238 2155 1250 2175 ι
1275 2150 1319 2174 ex
1344 2153 1364 2175 υ
1388 2150 1481 2174 corr.
1507 2141 1541 2175 A
1643 2139 1813 2183 *μέν’τοι]
1837 2139 1907 2185 μέν

238 2217 272 2239 τι
296 2202 442 2237 Bekker
465 2201 534 2246 μὲν
559 2201 652 2236 coni.
780 2202 802 2234 4
826 2194 941 2244 *ἧμϊν
965 2208 1033 2233 om.
1059 2198 1097 2232 M
1225 2201 1244 2231 5
1269 2196 1334 2232 *δὲ
1358 2195 1446 2230 ΜΨ
1574 2198 1593 2231 6
1618 2195 1705 2232 *εἰσ
1728 2195 1816 2231 ΜΨ

239 2263 257 2295 S
282 2255 568 2305 *περιμάχητον
585 2278 627 2283 —
645 2260 665 2292 9
684 2252 877 2302 ἠθέλησεν]
902 2254 1125 2301 praepositas
1150 2252 1251 2288 nullo
1276 2253 1382 2287 modo
1407 2253 1633 2288 reluctantur
1650 2251 1722 2287 Lat
1811 2245 1906 2295 *ὦν]

236 2312 282 2363 ἣν
306 2315 393 2350 MW
464 2318 484 2350 9
508 2310 763 2362 ἀπαγορεύειν
786 2313 819 2348 Ε
844 2324 972 2357 προαγ
975 2323 1121 2357 ορευειν
1145 2311 1202 2345 ed.
1227 2321 1282 2355 pr.
1353 2310 1429 2355 *γε]
1455 2322 1496 2345 τε
1521 2309 1614 2344 coni.
1692 2309 1791 2355 *τῆσ
1814 2307 1861 2343 Ψ

238 2370 387 2420 ἡλικίασ
402 2371 526 2406 ΜΨΕ
599 2374 639 2406 10
664 2365 792 2410 *οὗδἿ
818 2364 926 2405 οῦδὲν
943 2367 1031 2402 ΜΨ
1101 2361 1213 2402 *οὐδ’
1237 2385 1281 2391 -
1306 2362 1567 2410 ἐπειρόμενοι]
1593 2365 1645 2400 ita
1669 2368 1710 2399 ut
1733 2374 1798 2399 nec
1821 2375 1907 2400 con-

239 2431 392 2466 trarium
423 2428 596 2474 quiddam
621 2425 820 2472 aliquando
854 2423 1101 2470 respondeant
1125 2423 1197 2458 Lat
1346 2425 1464 2458 zai-w
1490 2435 1526 2457 οι
1552 2431 1619 2456 om.
1646 2421 1764 2466 spatio
1789 2431 1905 2458 uacuo

237 2486 364 2522 relicto
390 2485 423 2520 E
539 2483 586 2526 οἱ]
613 2494 680 2519 om.
707 2483 761 2518 ed.
779 2493 833 2527 pr.
859 2478 881 2526 ἢ
906 2479 999 2516 coni.
1130 2483 1169 2514 12
1196 2481 1304 2525 *τῆσ,
1330 2481 1351 2525 ἡ
1376 2489 1420 2513 ex
1445 2489 1536 2513 corr.
1562 2477 1602 2511 M
1627 2482 1711 2513 τοῖσ
1734 2475 1816 2511 ΑΨ

237 2540 301 2579 ἐπ’
330 2538 471 2584 αὐτοῖς]
497 2541 530 2576 Ε
554 2535 625 2577 εἶπ’
651 2535 767 2585 ιιῦτῆσ
792 2539 896 2574 codd.
968 2538 1156 2582 *δοκῆσαν
1181 2555 1223 2560 -
1254 2539 1292 2570 13
1312 2532 1504 2581 γενέσθαι]
1530 2533 1698 2568 iudicium
1723 2531 1781 2567 clei
1802 2533 1906 2578 sutu-

237 2611 316 2634 rum
341 2609 417 2634 esse
441 2597 602 2634 sentiunt
625 2595 697 2631 Lat
791 2598 831 2630 13
857 2595 993 2642 κρίσιν]
1018 2595 1155 2640 κρᾶσιν
1179 2591 1301 2626 ΜΨΕ
1373 2592 1477 2628 *τῶν
1501 2592 1534 2626 Α
1602 2590 1908 2636 *βουλευτηρίων

238 2657 270 2690 Α
365 2658 406 2690 14
431 2657 483 2691 τῶ
508 2650 709 2699 θελήσαντι
728 2652 815 2687 ΜΨ
840 2649 885 2688 τὸ
911 2650 1097 2697 ἐθελῆσαν
1114 2650 1146 2684 Ε
1172 2652 1226 2698 τῷ
1251 2646 1453 2695 θελήσοντι
1476 2647 1568 2682 coni.
1661 2641 1758 2690 μετὰ
1783 2645 1906 2681 ΜΨΕ

353 2715 393 2746 15
418 2713 596 2747 *πίστεισ
610 2708 658 2743 W
750 2704 1013 2754 ὑποχθονίουσ
1031 2707 1063 2742 Ε
1159 2709 1198 2740 16
1216 2701 1312 2747 *οἷς1
1338 2702 1396 2747 αἷς
1413 2703 1556 2739 Bekker
1643 2704 1682 2737 17
1708 2698 1907 2748 *εὶργμὸν,

239 2768 326 2814 ὶργμ
351 2768 375 2802 i.
393 2778 462 2802 ras.
490 2767 528 2801 M
621 2766 892 2811 προτίθεσθαι]
917 2763 1066 2800 Ernesti
1091 2764 1369 2809 προστίθεσθαι
1395 2760 1499 2796 codd.
1525 2759 1558 2793 E
1653 2761 1692 2793 18
1718 2755 1906 2795 *πιθανό-

239 2838 345 2861 τατοι
373 2823 459 2858 ΜΨ
555 2827 595 2860 19
621 2821 786 2869 *ἔχεται1
813 2820 943 2860 ἕπεται
967 2820 1055 2856 ΜΨ
1149 2823 1190 2855 20
1216 2815 1409 2865 ’ἐξηγήσει
1434 2837 1475 2842 -
1501 2811 1764 2860 πρασσόμενα]
1788 2825 1905 2861 expo-

237 2881 429 2917 sitionibus
459 2881 535 2915 suis
566 2879 740 2926 facienda
772 2889 849 2914 esse
875 2878 1065 2924 praedicat
1089 2876 1161 2912 Lat
1298 2871 1586 2921 *τυγχάνουσιν1
1614 2867 1785 2918 τυγχάνει
1810 2872 1904 2908 coni.

238 2938 309 2974 nisi
333 2937 442 2972 altius
467 2939 595 2972 haeret
618 2936 747 2972 uitium
839 2933 881 2971 ἕσ
905 2934 938 2969 Ε
1031 2930 1170 2978 ἀρετὴν
1195 2933 1227 2968 Ε
