2074 3392
195 296 275 337 327

198 701 279 742 328

199 973 280 1014 329

201 1245 282 1285 330

204 1786 286 1827 332

304 631 508 688 χρήματα
548 635 701 675 πίστει
738 633 816 688 τῆς
854 630 1084 684 βασιλείου
1122 635 1371 685 συγγενείας
1407 633 1479 674 καὶ
1513 630 1663 674 ἐλπίδι
1693 633 1771 674 τοῦ
1803 627 1978 675 ἆπολα-

308 178 389 216 132
743 179 906 225 ANTIQ.
930 180 1026 216 IUD.
1050 180 1155 216 XVII
1179 182 1358 215 326-332
1384 183 1455 223 (ΧΠ.
1473 186 1499 212 1.
1518 183 1549 222 2)

307 295 497 350 ποιῆσαι
534 296 607 336 καὶ
644 293 722 336 τὸν
768 289 962 349 ἀδελφὸν
997 288 1356 347 Ἀριστόβουλον.
1422 295 1495 336 καὶ
1540 293 1714 344 τούτοις
1759 289 1890 346 αύτός
1925 311 1975 340 τε
2016 319 2018 322 >

308 355 602 416 ἀνεπτέρωτο,
634 362 708 403 καὶ
737 359 842 410 τοὺς
872 359 1209 416 ἐντυγχάνοντας
1242 356 1318 404 οὐκ
1349 356 1604 417 ἀπήλλακτο
1637 355 1828 414 ἀπατᾶν,
1862 357 1973 406 ἀλλὰ

307 427 454 485 Κρήτῃ
491 429 808 484 προσενεχθεὶς
831 423 1057 471 Ἰουδαίων
1095 425 1286 479 ὁπόσοις
1325 427 1388 479 εἷς
1426 425 1606 483 ὁμιλίαν
1644 423 1828 484 ἄφίκετο
1869 423 1980 488 ἐπηὲ

306 495 462 550 γάγετο
495 495 559 547 εἰς
588 500 756 548 πίστιν,
787 496 861 538 καὶ
887 495 1123 552 χρημάτων
1155 491 1426 553 εὐπορηθεὶς
1455 496 1579 539 δόσει
1608 498 1663 553 τῇ
1693 495 1868 540 ἐκείνων
1898 496 1975 542 ἐπὶ

309 563 471 621 Μήλου
505 564 667 620 διῆρεν.
727 561 843 606 πολὺ
875 563 1044 605 πλέονα
1075 562 1123 605 δὲ
1154 553 1205 620 ἦν
1237 561 1442 606 ἐντεῦθεν
1463 561 1615 607 ὁπόσα
1638 559 1757 620 αὐτῷ
1787 563 1978 622 προσῄει

309 702 405 753 βεῖν
434 698 514 755 τὴν
544 699 736 755 πάτριον
769 695 903 755 ἀρχὴν
932 698 1006 740 καὶ
1038 692 1329 752 ἀμείψασθαι
1358 698 1461 749 τοὺς
1483 694 1721 754 εὗεργέτας.
1782 697 1860 743 ἐπὶ
1875 697 1978 743 Ῥώ-

309 783 394 824 μης
435 762 640 825 ἠπείγετο
679 767 969 822 παραπομπῇ
1007 767 1095 807 τῶν
1127 764 1371 818 ἰδιοξένων,
1410 768 1483 810 καὶ
1513 770 1806 824 Δικαιαρχείᾳ
1835 782 1979 847 προσ·-

308 833 459 888 βαλών
499 830 577 877 οὐκ
610 830 757 892 ἠτύχει
794 835 867 877 καὶ
906 832 1009 884 τοὺς
1049 832 1155 890 τῇδε
1189 828 1429 884 Ἰουδαίους
1473 829 1556 890 ἀφ’
1600 831 1761 888 ὁμοίας
1803 830 1979 915 ἀπάτης

311 905 698 958 προσαγαγέσθαι,
731 901 987 958 προσηεσάν
1017 917 1065 943 τε
1095 901 1248 954 ὥσπερ
1258 902 1455 980 ἶβασιλεῖ
1475 905 1520 944 οἵ
1538 918 1586 944 τε
1607 899 1736 945 ἄλλοι
1761 903 1835 945 καὶ
1865 899 1981 947 ὁπό-

313 983 409 1019 σοις
442 968 562 1019 ξενία
594 969 708 1026 πρὸς
734 967 934 1027 Ἡρώδην
963 971 1037 1012 καὶ
1069 965 1217 1012 εύνοια
1247 985 1312 1024 ην.
1373 968 1516 1012 αι’τιον
1548 969 1595 1012 δὲ
1618 960 1670 1025 ἦν
1689 971 1778 1013 τιῦν
1800 965 1981 1026 ἇνθρώ-

311 1053 412 1079 πων
449 1036 498 1081 τὸ
540 1035 676 1095 ἡδονῇ
715 1038 948 1092 δεχόμενον
987 1036 1089 1088 τοὺς
1125 1036 1280 1092 λόγους
1311 1035 1389 1079 σὺν
1418 1038 1481 1091 τιῦ
1513 1036 1735 1093 φερεγγύω
1764 1039 1842 1094 τῆς
1871 1053 1981 1117 μορ-

312 1117 422 1162 φης·
462 1107 535 1148 καὶ
573 1105 656 1162 γὰρ
695 1115 790 1156 τοῖς
828 1104 946 1148 πάνυ
978 1102 1248 1161 ὡμιληκόσιν
1277 1099 1550 1159 Ἀλεξάνδρα)
1590 1103 1705 1146 πολυ
1735 1103 1785 1148 τὸ
1818 1104 1982 1149 πιστὸν

313 1171 507 1216 ἐνετίθει
537 1175 613 1216 τοῦ
644 1171 702 1230 μὴ
737 1190 812 1226 ουχ
844 1172 990 1229 ε’τερος
1022 1167 1120 1214 ἀλλ)
1158 1167 1290 1222 αὐτὸς
1321 1169 1456 1223 εἶναι,
1487 1173 1562 1214 καὶ
1591 1170 1707 1227 πρὸς
1735 1171 1837 1223 τοὺς
1867 1173 1982 1230 πλη-

316 1244 412 1282 σίον
443 1237 664 1295 ω’μνυσαν,
695 1235 809 1283 ὥστε
839 1242 913 1283 καὶ
937 1239 1243 1295 προελθόντος
1266 1255 1328 1290 εις
1348 1256 1426 1296 την
1443 1235 1608 1296 Ῥώμην
1630 1238 1759 1294 λόγου
1779 1242 1858 1283 τοῦ
1877 1241 1983 1296 περὶ
2004 1249 2024 1287 1

315 1302 449 1350 αὐτοῦ
488 1310 580 1350 πᾶν
617 1325 667 1352 το
707 1308 812 1364 τηδε
854 1303 1080 1351 Ἰουδαίων
1128 1307 1261 1357 ε’θνος
1307 1304 1650 1359 ὑπαντιάζοντες
1694 1305 1876 1364 εξῄεσαν
1919 1310 1985 1365 τῷ

313 1373 438 1430 παρὰ
470 1374 603 1426 δόξαν
632 1378 710 1434 τῆς
741 1379 963 1433 σωτηρίας
992 1375 1249 1427 θειάζοντες
1286 1373 1336 1417 τὸ
1379 1373 1502 1430 ἔργον
1532 1376 1606 1418 καὶ
1642 1374 1790 1429 χάρμα
1825 1375 1986 1420 ποιού-

313 1459 441 1496 μενοι
472 1442 546 1486 διὰ
577 1443 626 1487 τὸ
660 1446 864 1502 μητρῷον
897 1440 1041 1486 αὐτῶν
1071 1446 1214 1499 γένος,
1256 1439 1396 1486 ὁπότε
1431 1447 1595 1500 χωροίη
1635 1440 1746 1485 κατὰ
1776 1445 1856 1486 τοῦ
1886 1458 1985 1487 στε-

316 1512 468 1574 νωποῦ
501 1511 935 1569 διφροφορούμενος·
974 1512 1048 1553 καὶ
1088 1510 1236 1554 πάντα
1273 1511 1502 1565 βασίλειον
1541 1512 1645 1566 περὶ
1678 1506 1812 1554 αὐτὸν
1841 1513 1985 1570 σχῆμα

314 1576 366 1634 ἢν
406 1574 694 1634 ἀναλώμασιν
731 1581 819 1622 τιῦν
859 1578 1106 1631 ἰδιοξένων,
1145 1578 1333 1635 μεγάλαι
1371 1578 1657 1635 περιστάσεις
1687 1578 1880 1635 ἐγίνοντο
1910 1581 2027 1637 τῆςὶ
2072 1621 2074 1625 .

315 1646 523 1704 πληθύος
553 1646 811 1703 ἐπιβοήσεις
831 1663 879 1690 τε
901 1642 1094 1704 εὔφημοι
1115 1643 1266 1690 ὁπόσα
1289 1645 1405 1697 εἰκὸς
1425 1655 1520 1697 τοῖς
1552 1641 1666 1689 οὕτω
1687 1642 1798 1703 παρ’
1824 1646 1986 1692 ἐλπίδα

318 1718 535 1758 σωθεῖσιν
567 1714 872 1771 συντυγχάνειν
907 1710 1032 1757 οὐδὲν
1064 1713 1089 1757 ὅ
1118 1731 1162 1758 τι
1193 1711 1269 1758 οὐκ
1300 1714 1563 1770 ἐπράσσετο.

432 1786 472 1825 2,
533 1786 731 1839 Καίσαρι
763 1782 810 1825 δὲ
840 1780 901 1833 (ὃς
933 1778 1117 1840 ἀφίκετο
1151 1778 1330 1838 ἀγγελία
1350 1780 1375 1838 ἡ
1399 1784 1504 1837 περὶ
1527 1778 1673 1835 αὐτοῦ,
1707 1777 1885 1840 ἠπίστει
1906 1784 1986 1838 μὲν

317 1850 392 1894 διὰ
422 1850 471 1893 τὸ
504 1850 560 1908 μὴ
597 1843 650 1893 ἂν
681 1850 847 1907 ῥᾳδίως
878 1846 1171 1908 ἀπατηθῆναι
1197 1847 1397 1906 (Ηρώδην
1429 1849 1473 1892 ἓν
1499 1849 1756 1905 πράγμασιν
1778 1849 1851 1894 ἐπὶ
1875 1854 1987 1907 μέγα

317 1917 552 1975 ἀνήκουσιν
585 1914 715 1974 αὐτῷ,
748 1916 897 1968 διδοὺς
929 1918 976 1960 δὲ
1005 1919 1060 1974 τῇ
1092 1916 1242 1961 ἐλπίδι
1262 1917 1462 1960 Κέλαδον
1492 1919 1580 1959 τῶν
1610 1913 1744 1960 αὐτοῦ
1774 1917 1873 1961 τινὰ
1896 1917 1988 1969 ἒξε-
2017 1926 2028 1960 5

319 1987 541 2079 λευθέρων
573 1983 829 2044 ὡμιληκότα
860 1994 955 2036 τοῖς
984 1989 1230 2041 ιιειρακίοις
1270 1988 1440 2035 πέμπει
1479 1980 1684 2035 κελεύσας
1717 1980 1893 2041 ἆγαγεῑν
1924 1984 1988 2036 εἷς

433 2112 453 2154 §
480 2112 543 2177 327
571 2129 613 2140 --
638 2110 720 2145 bell.
746 2110 825 2145 Iud.
850 2110 885 2144 11
915 2113 986 2145 103.

431 2211 695 2248 PAMWELat
705 2211 868 2246 Zonaras
893 2211 911 2245 I
934 2222 970 2256 p.
998 2213 1074 2245 471.

433 2271 452 2303 3
480 2266 649 2315 *Κρητῃ1
673 2270 781 2315 κριτῆ
805 2268 833 2302 Ρ
949 2269 1076 2311 *ομιλε
1075 2273 1143 2303 ἴαν
1167 2267 1194 2301 Ρ
1289 2264 1517 2313 *ἐπηγάγετο
1543 2267 1589 2301 W
1696 2271 1715 2302 5
1741 2267 1897 2311 πλέονα]
1922 2278 1988 2305 om.

319 2325 489 2369 AMWE,
514 2326 537 2361 i.
561 2335 671 2369 marg.
698 2324 816 2369 suppl.
842 2323 960 2360 πλέον
976 2325 1010 2358 A
1103 2324 1291 2369 *προσείη
1308 2322 1384 2358 PW
1480 2328 1499 2358 6
1524 2326 1659 2366 πίστει]
1685 2322 1877 2371 προφάσει
1903 2323 1989 2360 Mw

435 2377 646 2418 α’πολαυεῖν
663 2381 709 2415 W
804 2383 822 2415 S
847 2375 1040 2426 ἠπείγετο]
1067 2374 1135 2417 οὖν
1159 2377 1336 2427 ἠπείγετο
1363 2380 1396 2415 Ε
1427 2380 1503 2416 ibat
1527 2381 1640 2426 iqitm·
1663 2380 1736 2416 Lat
1828 2384 1991 2425 ὁικαιαρ-

318 2439 432 2484 χείαι,
457 2440 490 2474 εί
513 2438 537 2473 i.
555 2449 626 2474 ras.
646 2439 679 2473 A
703 2438 919 2483 δικαιαρχία
945 2437 1097 2472 PMWE
1170 2434 1454 2484 *προσβάλλων
1479 2437 1568 2472 MW
1637 2440 1657 2471 9
1683 2432 1768 2483 ἀφ’]
1794 2433 1858 2482 ἐφ’
1883 2437 1946 2472 PA

325 2498 361 2530 11
388 2497 481 2531 *καὶ
505 2505 572 2531 om.
595 2494 635 2529 M
659 2494 696 2529 in
722 2493 878 2529 confinio
903 2494 1116 2539 paginarum
1200 2498 1238 2529 13
1264 2491 1531 2540 *ιὺμηλικιῦσιν
1554 2493 1582 2528 Ρ
1658 2497 1696 2528 14
1721 2494 1829 2535 *τοῦ1
1844 2490 1889 2530 τὸ
1908 2493 1947 2528 Μ

321 2547 440 2587 αι’·τὸν
463 2551 496 2586 Ε
593 2555 632 2586 15
658 2547 879 2595 *ώμπ-υσαν]
904 2552 967 2585 καὶ
992 2547 1170 2594 ὤμνυσαν
1194 2550 1316 2585 AMW
1408 2552 1483 2591 καὶ]
1509 2551 1571 2585 καὶ
1596 2546 1652 2586 ὥσ
1676 2548 1763 2584 MW
1787 2547 1868 2585 ἐπεὶ
1893 2549 1926 2584 Ε

321 2605 615 2654 προσελθόντοσ
631 2607 701 2643 ΡΜ
726 2609 949 2653 προσῆλθον
967 2606 999 2641 Ε
1070 2610 1137 2643 τοῦ
1162 2618 1228 2642 om.
1255 2607 1283 2642 P
1380 2609 1420 2642 16
1445 2601 1563 2643 αὐτὸν
1587 2617 1632 2641 ex
1657 2601 1774 2642 αὐτοῦ
1799 2615 1891 2642 corr.
1915 2607 1948 2641 A

321 2661 446 2707 ἔθνος]
474 2667 624 2710 πλῆθοσ
641 2664 878 2699 AMWELat
946 2662 1094 2706 ἐξίεσαν
1118 2664 1145 2698 Ρ
1171 2661 1264 2710 ἐξῄει
1292 2664 1324 2698 Ε
1394 2665 1487 2711 *τῷ1
1515 2660 1560 2698 τὸ
1586 2662 1614 2697 Ρ
1685 2658 1889 2707 παραδόξω
1914 2660 1947 2696 Ε

324 2725 362 2755 17
380 2718 651 2765 ἐκθειάζοιτεσ
666 2722 697 2754 Α
770 2724 810 2755 18
828 2718 994 2766 *χωρώη
1012 2720 1187 2754 PA¹MW
1251 2717 1339 2762 τοὺς
1356 2715 1574 2761 στενωποὺς
1591 2718 1685 2754 coni.
1759 2721 1800 2752 19
1818 2720 1992 2765 *διαφρο-
2032 2735 2035 2739 ·

321 2774 567 2823 φορούμενοσ
584 2778 612 2812 Ρ
684 2775 820 2818 πάντα]
840 2779 916 2813 πᾶν
932 2777 980 2810 A¹
994 2776 1079 2811 MW
1097 2789 1141 2813 το
1162 2778 1238 2813 πᾶν
1254 2787 1299 2812 ex
1317 2786 1407 2812 corr.
1426 2777 1458 2810 A
1483 2778 1560 2811 πᾶν
1577 2773 1651 2821 γὰρ
1669 2775 1761 2810 coni.
1833 2777 1874 2808 20
1893 2787 1993 2822 περι-

323 2832 484 2876 στάσεις]
511 2848 550 2871 τε
577 2831 821 2880 περιστάσεισ
847 2843 900 2873 (τε
927 2846 1011 2879 περι
1038 2833 1061 2867 i.
1087 2844 1158 2868 ras.
1184 2843 1229 2868 m.
1256 2835 1274 2866 2
1299 2834 1345 2873 A)
1369 2832 1436 2867 ΑΕ
1539 2835 1576 2866 21
1608 2828 1749 2872 ὁπόσα]
1775 2832 1837 2866 καὶ
1865 2827 1992 2868 ὁπόσα

322 2890 517 2926 MWELat
600 2895 642 2926 22
669 2887 789 2932 οὐδὲν]
817 2886 975 2926 οὐδενὺσ
1000 2889 1028 2923 Ρ
1110 2892 1151 2923 23
1178 2883 1346 2935 α’φήκετο
1373 2888 1400 2922 Ρ
1472 2885 1490 2934 ᾗ
1517 2898 1583 2923 om.
1610 2887 1697 2922 MW
1781 2890 1822 2921 24
1846 2887 1993 2934 μεγάλα
2032 2911 2035 2917 ·

325 2947 412 2981 MW
506 2951 547 2981 25
573 2948 610 2984 δὲ
634 2958 703 2983 om.
728 2946 765 2982 M
837 2949 879 2987 τῆ
905 2957 950 2981 ex
975 2959 1007 2981 τι
1033 2956 1125 2981 corr.
1152 2946 1184 2980 A
1209 2958 1239 2981 τι
1267 2948 1311 2990 τῇ
1336 2945 1427 2980 coni.
1500 2941 1581 2980 τινὰ
1610 2947 1685 2980 τῶν
1710 2940 1826 2981 αὐτοῦ
1851 2945 1894 2980 tr.
1921 2942 1994 2980 ΜΕ
2032 2958 2036 2966 ·
