2074 3392
258 179 311 218 70
778 179 940 223 ANTIQ.
966 178 1063 215 IUD.
1089 179 1193 215 xvn
1217 182 1304 215 3—7
1329 182 1362 221 (ι.
1381 182 1412 221 1)

578 291 591 306 t

257 293 330 337 δὲν
363 291 469 336 ἄλλο
500 287 527 350 ἢ
557 310 618 345 ως
645 292 854 349 βασιλεὺς
892 285 954 334 ῶν
991 292 1065 334 καὶ
1105 292 1360 336 ἐπιστεύετο
1399 287 1510 348 παρ’
1548 286 1666 346 αὐτῷ
1695 289 1921 344 μειζόνως,

257 360 305 412 ἐξ
333 357 394 403 ὧν
426 356 711 405 ἀπολωλέναι
731 361 876 410 καλῶς
907 356 1018 412 εἶχεν
1050 354 1223 410 εὐνοίας
1250 359 1541 414 βεβαιώματα
1571 355 1824 415 εὑρημένος,
1861 356 1922 409 ὦς

257 424 332 472 ἐπ’
377 424 604 487 ἀσφαλείᾳ
648 431 868 485 σωτηρίας
905 428 983 482 τῆς
1016 422 1214 482 Ἡρώδου
1252 425 1355 477 τοὺς
1394 423 1613 485 ἀδελφοὺς
1657 424 1921 480 ἐνδεδειχώς,

259 492 358 539 ἀλλ’
395 492 471 540 οὐκ
502 497 644 554 ἔχθρα
672 498 726 553 τῇ
757 493 872 550 πρὸς
902 493 1091 544 ἐκείνους
1120 495 1192 537 καὶ
1224 493 1312 550 πρὸ
1345 490 1488 537 αὐτῶν
1519 493 1632 550 πρὸς
1652 492 1729 537 τὸν
1751 495 1923 550 πατέρα

200 570 225 607 4
257 564 429 608 τοιαίδε
469 563 600 608 αὐτὸν
639 561 960 619 περιεσπένδον
999 556 1118 617 ἆραί.
1179 556 1294 615 ὅπερ
1335 560 1385 618 δὴ
1432 561 1582 604 πάντα
1618 562 1810 618 μηχαναὶ
1847 563 1926 618 τῆς
1953 571 1973 603 5

257 632 333 675 ἐπὶ
370 631 448 676 τὸν
474 629 674 688 Ἡρώδην
713 628 819 673 ὁδοῦ
855 629 1037 672 ἵσταντο
1062 623 1370 686 Ἀντιπάτρῳ,
1411 628 1643 688 ἐρημοῦντι
1683 623 1815 672 αὐτὸν
1845 628 1925 683 μὲν

256 700 508 758 κατηγόρεον
540 694 613 756 ἐφ’
650 697 716 749 οἷς
747 696 958 752 πράττειν
994 695 1228 748 διενοεῖτο,
1262 693 1460 755 εΗρώδην
1503 697 1551 740 δὲ
1588 698 1842 753 καταφυγῆς
1882 698 1926 739 οἳ

256 772 469 826 βοηθοῖεν
503 762 622 823 αὐτῷ
659 767 737 808 τοῦ
761 760 1064 820 Ἀντιπάτρου
1103 765 1306 821 φανερῶς
1344 765 1562 819 πολεμίου
1603 763 1925 815 καταστάντος·

202 839 226 878 5
259 831 373 878 ὥστε
403 840 526 890 μίσει
555 834 634 888 μὲν
664 835 727 889 τῴ
758 831 874 887 πρὸς
904 830 980 874 τὸν
1010 834 1186 884 πατέρα
1216 830 1438 886 ἔπρασσεν
1467 831 1546 888 τὴν
1578 831 1818 888 ἐπιβουλὴν
1838 833 1927 875 τῶν

258 899 464 960 ἀδελφῶν
474 937 486 956 ,
526 902 576 946 τὸ
619 902 665 944 δὲ
705 896 870 956 ἥπτετο
908 898 1120 953 μειζόνως
1162 900 1241 941 τοῦ
1272 897 1473 954 ἐγχειρῶν
1503 897 1561 956 μὴ
1595 895 1819 957 ἀφίεσθαι
1848 901 1928 956 τῆς
1959 908 1996 941 10

256 970 482 1026 πράξεως·
515 965 883 1025 ἀποθνήσκοντος
911 967 990 1021 μὲν
1020 965 1102 1023 γὰρ
1129 963 1345 1023 ζΗρώδου,
1375 970 1569 1021 βεβαίως
1600 964 1718 1024 αὐτῷ
1749 983 1926 1023 περιγε-

257 1041 440 1094 νομένης
470 1039 548 1094 τῆς
579 1032 732 1092 ἀρχῆς,
766 1034 1067 1089 ἐξικνουμένου
1099 1034 1146 1077 δὲ
1179 1033 1242 1085 εἷς
1270 1033 1320 1077 τὸ
1345 1035 1481 1078 πλέον
1503 1034 1569 1078 ἐ’τι
1598 1034 1683 1092 ζῆν,
1714 1034 1926 1079 κινδύνων

258 1102 664 1162 ἀντιπεριστάντων
704 1102 960 1158 ἐξαγγέλτου
997 1104 1230 1159 γενομένης
1260 1104 1338 1158 τῆς
1367 1102 1592 1156 πράξεως,
1630 1098 1682 1159 ἧς
1712 1106 1928 1160 συνθέτης

201 1175 225 1215 6
257 1172 446 1230 γεγονώς
473 1174 690 1227 πολέμιον
720 1167 933 1227 ἠνάγκαζε
969 1169 1046 1212 τὸν
1086 1173 1262 1226 πατέρα
1296 1172 1579 1225 καταστῆναι.
1639 1171 1712 1214 καὶ
1744 1169 1818 1213 διὰ
1849 1172 1928 1213 τοῦ

254 1241 519 1297 χαρίζεσθαι
550 1237 795 1295 πολυτελὴς
824 1228 877 1293 ἧν
914 1236 1017 1287 τοὺς
1054 1238 1159 1293 περὶ
1191 1236 1267 1280 τὸν
1298 1240 1490 1293 πατέρα,
1521 1236 1694 1292 κέρδεσι
1723 1237 1930 1294 μεγάλοις
1955 1245 1997 1278 -15

259 1309 519 1365 ἐκπλήσσων
549 1306 598 1351 τὸ
631 1309 720 1350 τῶν
752 1302 1010 1361 ἀνθρώπων
1040 1314 1171 1360 μῖσος
1201 1304 1315 1361 πρὸς
1348 1300 1482 1349 αὐτὸν
1511 1307 1586 1348 καὶ
1612 1304 1807 1359 μάλιστα
1827 1304 1930 1356 τοὺς

259 1376 334 1419 ἐπὶ
367 1374 529 1434 Ῥώμης
560 1377 719 1433 φίλους
749 1382 956 1428 πομπαῖς
986 1372 1188 1429 μεγάλων
1210 1373 1386 1429 δωρεῶν
1418 1369 1567 1423 εὔνους
1586 1371 1929 1426 καθιστάμενος,

212 1464 221 1487 ι
260 1443 347 1500 πρὸ
381 1443 562 1488 πάντων
594 1443 640 1486 δὲ
662 1446 928 1498 Σατορνῖνον
953 1440 1030 1484 τὸν
1051 1443 1129 1498 τῆς
1149 1445 1312 1497 Συρίας
1333 1440 1613 1499 ἐπιμελητήν.
1672 1437 1932 1491 ὑπάξεσθαί

257 1528 304 1554 τε
333 1502 385 1567 ἦν
417 1511 544 1561 ἐλπὶς
576 1506 696 1567 αὐτῷ
735 1511 808 1553 καὶ
839 1508 916 1553 τὸν
947 1513 1214 1565 Σατορνίνου
1248 1504 1444 1566 ἀδελφὸν
1474 1511 1658 1565 μεγέθει
1689 1508 1864 1565 δώρων,
1902 1506 1930 1551 ἃ

259 1578 418 1632 ἐδίδου,
449 1581 523 1622 καὶ
554 1578 633 1636 τὴν
666 1575 863 1635 ἀδελφὴν
894 1579 972 1620 τοῦ
1001 1578 1222 1631 βασιλέως
1255 1572 1382 1633 ἀνδρὶ
1414 1576 1579 1633 πρώτῳ
1599 1578 1688 1620 τῶν
1718 1578 1824 1633 περὶ
1853 1575 1932 1620 τὸν
1961 1584 1999 1618 20

374 1728 393 1768 ξ
421 1728 440 1760 6
464 1742 507 1753 --
532 1725 616 1760 bell.
641 1724 719 1759 Iud.
746 1725 764 1758 I
789 1728 865 1759 554.

371 1849 772 1884 AMWELatZonaras
789 1847 806 1882 I
830 1858 864 1892 p.
884 1849 962 1882 452.

379 1909 390 1939 1
419 1902 498 1947 *ὡς
522 1915 590 1940 om.
622 1905 670 1939 W
791 1907 810 1938 5
836 1904 979 1940 τοιαίδε
1009 1921 1055 1927 -
1086 1898 1192 1949 άραί]
1225 1901 1356 1936 talibus
1387 1902 1481 1936 enim
1516 1912 1595 1936 eum
1626 1902 1849 1948 maliloqttiis
1879 1903 1933 1937 in-

260 1961 421 1997 duxerat
444 1962 527 2002 Lat,
553 1961 759 2006 corruptela.
782 1964 910 2005 aperta
936 1962 1002 2003 est,
1027 1959 1110 1994 fort.
1136 1957 1274 2003 aliquid
1298 1958 1435 1993 excidit
1526 1959 1682 2000 τοιαίδε]
1708 1956 1797 1995 τότε
1822 1959 1860 1996 δὲ
1886 1959 1931 1993 W

375 2040 659 2088 περιεσπένδον]
693 2040 732 2075 Μ
763 2019 1032 2084 περῗσπιῗνδον,
1070 2052 1090 2074 o
1123 2048 1168 2073 ex
1201 2051 1231 2072 ω
1270 2047 1362 2072 corr.
1396 2038 1427 2070 A
1458 2037 1730 2080 περιέσπενδον
1760 2037 1807 2071 W
1840 2039 1877 2073 et
1907 2037 1931 2072 i.

260 2108 370 2141 marg.
396 2097 470 2132 AM
494 2097 699 2144 περιέσπεν
724 2097 816 2131 coni.
956 2091 1069 2142 ἀραί,
1101 2095 1142 2130 αι’
1174 2105 1218 2128 ex
1243 2096 1267 2129 ᾶ
1294 2104 1384 2128 corr.
1411 2094 1443 2127 A
1581 2096 1601 2127 6
1626 2090 1790 2139 ῆρωίδην
1812 2093 1873 2129 hic
1897 2097 1934 2129 et

261 2164 296 2188 u.
322 2157 339 2187 ἰ’
366 2155 399 2187 A
536 2150 654 2190 αὑτὸν
677 2153 716 2188 Μ
740 2156 777 2188 et
800 2163 844 2187 ex
869 2162 961 2187 corr.
987 2153 1020 2186 A
1159 2154 1176 2183 ἰ’
1198 2147 1363 2197 ιΗρώδην
1386 2169 1430 2173 -
1456 2152 1474 2184 8
1498 2145 1614 2197 αὐτῷ]
1640 2149 1792 2184 herodes
1815 2155 1933 2185 autem

261 2212 360 2245 omni
382 2211 531 2256 reanio
556 2209 759 2244 nudaretur
783 2220 855 2244 nou
881 2208 1017 2243 habens
1041 2207 1105 2253 qui
1128 2207 1198 2241 sibi
1221 2206 1495 2241 anxium-cutm·
1519 2205 1591 2240 Lat
1672 2206 1722 2248 δὲ]
1748 2206 1786 2243 δὲ
1813 2200 1860 2243 αὖ
1885 2206 1934 2242 W

353 2265 401 2309 οἳ]
427 2266 462 2303 εἰ
484 2266 531 2300 W
635 2264 673 2302 οἳ
696 2268 890 2312 βοηθεῖεν]
918 2262 940 2311 ἢ
963 2265 1150 2312 βοηθείας
1175 2263 1328 2298 Hudson
1434 2264 1452 2296 S
1477 2265 1657 2308 βοηθεῖεν
1683 2262 1730 2298 W
1821 2266 1841 2298 9
1867 2265 1933 2312 τῷ]

262 2337 306 2359 το
332 2324 379 2358 W
472 2320 635 2370 ἔπραττε
661 2322 708 2356 W
809 2326 849 2358 10
875 2318 920 2358 τὸ
947 2321 985 2358 δὲ
1011 2341 1051 2345 -
1082 2323 1121 2354 14
1145 2321 1393 2364 καταστῆναι]
1416 2318 1589 2364 pulsabat
1614 2323 1731 2354 autem
1757 2330 1835 2354 eum
1860 2330 1934 2354 am-

256 2381 369 2427 plius,
395 2384 433 2415 ut
459 2380 503 2415 ab
529 2381 673 2425 incepto
698 2390 771 2414 non
796 2379 993 2419 desisteret,
1019 2376 1119 2422 qnod
1141 2376 1308 2411 cernebat
1332 2376 1508 2410 moriente
1524 2375 1667 2421 quidem
1684 2375 1819 2411 herode
1834 2381 1934 2411 certo

260 2437 330 2472 sibi
346 2437 596 2482 principatum
623 2447 698 2471 csse
722 2441 931 2477 uenturum,
962 2434 1149 2479 prolioee'ns
1181 2437 1300 2468 autem
1326 2432 1471 2467 uiuente
1489 2436 1602 2479 patre
1625 2431 1738 2467 multa
1761 2431 1833 2468 sibe·
1853 2443 1934 2468 sm·-

262 2498 406 2528 rectura
429 2493 613 2539 pericula,
645 2494 679 2527 si
707 2493 784 2527 eius
812 2491 930 2536 factio
953 2489 1189 2537 proderetur,
1221 2489 1324 2524 cuius
1347 2488 1528 2524 existebat
1551 2489 1630 2535 ipse
1653 2489 1877 2535 compositor
1900 2495 1935 2525 ct

261 2561 366 2595 qnae,
392 2550 423 2583 si
435 2549 562 2595 palam
577 2549 692 2593 fieret,
718 2547 854 2583 hostem
872 2547 929 2582 illi
938 2552 1081 2593 patrem
1100 2546 1325 2592 conpellebat
1343 2545 1501 2581 existere
1517 2545 1588 2580 Lat
1656 2541 1715 2588 τὸ]
1735 2542 1825 2582 τότε
1843 2544 1890 2580 W

260 2605 444 2652 ἐγχειρεῖν
468 2617 512 2641 ex
535 2605 718 2651 ἐγχειρῶν
743 2615 834 2639 corr.
853 2603 899 2638 W
925 2602 968 2640 ἐκ
990 2605 1131 2650 χειρῶν
1156 2603 1301 2647 Cocceji
1395 2597 1590 2648 ἀφίεσθαι]
1616 2597 1821 2647 α’φέξεσθαι
1843 2601 1889 2636 W

266 2666 300 2696 11
322 2659 395 2708 γὰρ
414 2673 481 2697 om.
500 2661 658 2696 Dindorf
728 2663 767 2696 12
787 2659 839 2697 ἔτι
858 2663 936 2706 ζῆν]
960 2658 1091 2707 ἐπιζῆν
1110 2660 1155 2695 W
1230 2663 1268 2694 13
1287 2655 1647 2706 ἀντιπεριστάντων]
1672 2655 1720 2694 ἄν
1737 2656 1934 2705 περιστάν-

261 2732 337 2754 των
362 2718 408 2752 W
482 2721 521 2752 14
545 2720 608 2754 καὶ
633 2714 690 2754 διὰ
717 2720 785 2753 τοῦ
803 2738 840 2742 -
874 2720 914 2751 16
941 2713 1072 2758 αὐτὸν]
1089 2721 1251 2764 propter
1275 2716 1376 2762 qnod
1399 2715 1447 2750 ad
1471 2714 1678 2750 donandum
1704 2719 1783 2750 erat
1808 2714 1936 2761 larqus

261 2781 295 2809 et
322 2775 462 2820 afflans
486 2776 593 2809 etiam
619 2785 692 2815 eos,
722 2775 786 2819 qni
808 2774 907 2809 circa
929 2780 1071 2820 patrem
1097 2778 1203 2808 crant
1228 2773 1340 2808 lucris
1356 2772 1531 2820 pulsabat
1555 2770 1775 2817 inflantibus,
1809 2778 1848 2806 ut
1872 2770 1936 2806 ad-

264 2842 390 2865 uersus
413 2842 492 2866 eum
518 2831 696 2866 hominum
724 2829 807 2865 odia
832 2830 1056 2865 concitarent
1081 2830 1152 2866 Lat
1259 2829 1342 2874 τοῦ]
1369 2831 1483 2866 τοῦτο
1508 2829 1565 2864 ed.
1592 2839 1647 2873 pr.
1770 2830 1808 2862 ¹5
1836 2825 1935 2871 τοὺς]

263 2893 344 2930 τοῖς
370 2888 512 2932 Cocceji
609 2890 646 2921 17
672 2886 980 2931 καθισταμένουσ
1005 2886 1052 2921 W
1168 2889 1208 2921 18
1233 2891 1485 2932 σατουρνῖνον
1508 2886 1557 2919 A¹
1665 2881 1887 2927 ὑπάξεσθαι]
1912 2885 1935 2919 ἰ.

263 2954 373 2989 marg.
401 2945 430 2977 A
457 2941 709 2987 ἱποὸέξασθαι
736 2943 856 2978 AMW
954 2948 994 2979 19
1020 2944 1274 2989 σατουρνίιυυ
1297 2943 1345 2976 A¹
