2051 3397
598 198 758 242 ANTIQ.
786 198 879 234 IUD.
907 199 990 234 XIX
1016 203 1148 234 ’.Η-29
1173 203 1301 239 (1.-1.5)
1696 200 1776 238 215

115 321 267 373 μαίοις
296 311 373 372 ἥδε
402 311 425 371 ἡ
460 316 631 367 θεωρία
663 312 829 362 δεινῶς,
862 317 1062 355 συνίασίν
1092 329 1136 355 τε
1171 312 1417 367 προθύμως
1449 312 1511 362 εἰς
1536 312 1613 354 τὸν
1637 312 1779 356 {mcd-

117 386 279 440 δρομον
309 384 378 426 καὶ
412 377 485 439 ἐφ’
521 379 588 430 οἷς
616 379 815 436 χρῄζοιεν
847 381 1019 422 δέονται
1053 383 1141 422 τῶν
1173 377 1505 436 αὐτοκρατόρων
1531 380 1641 422 κατὰ
1664 382 1779 438 πλῇ-

116 456 202 503 θος
223 449 522 499 συνελθόντες,
550 447 592 491 οἱ
616 447 662 489 δὲ
685 444 1017 498 άιάντιλέκτοι.·ς
1038 447 1117 498 τὰς
1139 448 1309 503 δεήσεις
1330 450 1548 500 κρίνοντες
1576 444 1781 502 οὐδαμῶς

117 517 438 575 ἀχαριστοῦσιν.
498 515 693 558 ἐκέλευον
727 515 776 570 δὴ
810 519 878 559 καὶ
912 516 988 557 τὸν
1016 515 1148 559 Γάιον
1180 515 1357 571 ἐκθύμῳ
1388 517 1442 571 τῇ
1475 516 1637 572 ἱκετείᾳ
1664 515 1780 571 χριό-

65 596 85 629 δ
111 603 237 642 μενοι
266 588 353 628 τιῦν
382 600 430 627 τε
458 585 595 626 τελῶν
627 583 854 627 ἐπανιέναι
892 586 963 626 καὶ
995 585 1081 625 τῶν
1113 582 1265 639 φόρων
1296 582 1599 639 ἐπικουφίζειν
1629 600 1671 626 τι
1701 586 1779 626 τοῦ

44 1269 83 1304 15

115 654 354 708 ἐπαχθοῦς.
415 648 437 694 ὁ
472 646 512 692 δ’
550 647 626 693 οὐκ
658 647 862 708 ἠνείχετο,
893 653 965 694 καὶ
999 652 1134 693 πλέον
1167 668 1212 694 τι
1241 653 1293 708 τῇ
1322 652 1406 707 βοῇ
1433 653 1670 706 χρωμένων
1701 648 1779 693 ἅλ-

114 722 216 772 λους
246 718 353 776 ἄλλῃ
387 719 650 774 διαπέμψας
689 719 853 762 κελεύει
892 718 993 769 τοὺς
1031 721 1230 773 βοῶντας
1270 719 1420 773 λαβεῖν
1457 734 1505 760 τε
1535 720 1607 760 καὶ
1643 718 1779 775 μηδὲν

114 788 177 840 εἰς
206 785 428 843 ἀναβολὰς
459 783 629 830 ἀνελεῖν
660 787 1009 842 προαγαγόντας.
1069 788 1142 830 καὶ
1173 783 1196 829 ὁ
1230 786 1308 839 μὲν
1340 786 1507 828 ἐκέλευε
1537 787 1676 828 ταῦτα
1706 788 1779 828 καὶ
1811 794 1820 805 “

115 855 181 907 οἷς
219 857 542 912 προσετέτακτο
584 855 841 936 ἔπρασσον,
878 856 1083 898 πλεῖστοί
1126 871 1174 896 τε
1214 852 1324 910 ἦσαν
1364 854 1406 896 οἱ
1447 853 1521 896 ἐπὶ
1561 853 1782 902 τοιούτοις

113 919 435 974 ἀποθανόντες.
495 925 567 967 καὶ
600 941 621 965 ο
657 924 793 980 δῆμος
824 921 940 978 ἑιόρα
969 926 1060 976 μέν,
1093 918 1286 980 ἠνείχετο
1319 922 1365 964 δὲ
1398 920 1684 975 παυσάμενος
1704 923 1782 978 τῆς

112 993 237 1047 βοῆς,
279 990 323 1034 ἐν
362 987 497 1047 ὀλίγῳ
535 990 658 1033 ε’νεκα
696 993 784 1033 τῶν
818 990 1054 1047 χρημάτων
1085 986 1346 1047 ὀφθαλμοῖς
1376 986 1565 1045 ὁρῶντες
1594 987 1673 1047 τὴν
1704 987 1781 1031 ἐπὶ

111 1058 332 1109 τοιούτοις
370 1063 641 1115 παραίτησιν
681 1058 743 1109 εἰς
781 1049 979 1101 θάνατον
1019 1056 1168 1108 αι’-τοῖς
1198 1061 1434 1115 φέρουσαν.
1494 1074 1633 1099 ταυτα
1663 1061 1782 1099 Χαι-

113 1130 216 1183 ρέαν
248 1126 450 1182 ἐνήγαγεν
480 1143 576 1180 μει,
560 1126 691 1177 όιως
719 1122 951 1169 α’πτεσθαί
970 1143 1018 1169 τε
1038 1127 1116 1183 τῆς
1137 1125 1376 1183 ἐπιβουλῆς
1396 1127 1469 1169 καὶ
1490 1123 1651 1168 παύειν
1671 1123 1782 1166 κατὰ

112 1197 200 1238 τῶν
232 1190 490 1250 ἀνθρώπων
521 1194 813 1251 ἐξιΙγριωκότα
843 1194 919 1237 τὸν
944 1194 1092 1246 Γάιον,
1124 1196 1196 1237 καὶ
1228 1193 1444 1244 πολλάκις
1463 1193 1542 1248 μὲν
1563 1193 1635 1235 καὶ
1657 1190 1782 1246 παρὰ

112 1261 193 1313 τὰς
233 1262 454 1312 ἑστιάσεις
493 1261 727 1319 ἐμέλλησεν
767 1261 1026 1318 ἐπιχειρεῖν,
1067 1258 1117 1304 οὗ
1156 1260 1242 1319 μὴν
1282 1257 1379 1304 ἀλλ’
1425 1260 1626 1314 ἐπείχετο
1663 1261 1782 1316 λογι-

115 1332 226 1386 σμῷ,
257 1329 306 1373 τὸ
339 1331 419 1384 μὲν
449 1335 633 1373 κτείνειν
674 1326 816 1373 οὐκέτ’
862 1328 1119 1373 ἐνδοιαστὸν
1157 1329 1384 1385 κεκρικώς,
1428 1328 1504 1372 τὸν
1545 1327 1591 1370 δὲ
1631 1326 1784 1383 καιρὸν

114 1400 419 1454 περισκοπῶν,
452 1393 576 1448 ὅπως
606 1397 664 1453 μὴ
698 1397 761 1448 εἷς
789 1398 933 1451 κενόν,
966 1393 1064 1441 ἀλλ’
1101 1397 1174 1440 ἐπὶ
1206 1396 1479 1453 καταπράξει
1508 1397 1596 1438 τῶν
1625 1398 1783 1450 βεβου-

115 1467 332 1520 λευμένων
362 1474 461 1516 ταῖς
487 1468 611 1520 χερσὶ,
638 1467 797 1521 χρῷτο.

228 1538 266 1576 5.
320 1528 625 1588 Ἐστρατεύετο
658 1532 705 1576 δὲ
735 1532 877 1576 πολὺν
905 1529 986 1590 ἤδη
1014 1532 1171 1589 χρόνον
1202 1528 1277 1585 οὐχ
1307 1529 1442 1590 ἡδονῇ
1473 1534 1620 1589 φέρων
1645 1532 1782 1574 Γαΐου

111 1599 190 1657 τὴν
222 1596 520 1657 ἀναστροφήν.
580 1599 679 1643 ἐπεὶ
712 1600 758 1643 δὲ
791 1596 924 1643 αὐτόν
953 1601 1134 1644 ἵσταται
1155 1599 1291 1650 Γάιος
1312 1599 1661 1656 εἰσπραξόμενον
1681 1597 1784 1648 τούς

111 1685 160 1712 τε
190 1667 355 1726 φόρους
384 1670 455 1711 καὶ
489 1663 574 1711 ὅσα
605 1664 718 1710 ἄλλα
747 1668 1111 1723 καταβαλλόμενα
1143 1667 1206 1718 εἰς
1243 1666 1320 1710 τὸν
1349 1671 1578 1723 Καίσαρος
1607 1669 1784 1723 θησαυ-

113 1735 190 1789 ρὸν
219 1735 504 1793 ἐφυστερήκει
544 1744 639 1786 τοῖς
669 1745 840 1791 καιροῖς
879 1735 953 1779 διὰ
991 1735 1040 1779 τὸ
1083 1734 1546 1787 ἐπιδιπλασιάζεσθαι
1587 1732 1666 1790 τὴν
1709 1732 1784 1775 δύ-

113 1821 243 1859 ναμιν
275 1799 438 1856 αὐτῶν,
474 1803 632 1859 χρόνον
670 1803 759 1847 ἐκεῖ
787 1812 987 1847 ποιεῖται
1016 1806 1070 1860 τῇ
1101 1801 1336 1858 εἰσπράξει
1363 1802 1520 1858 τρόπῳ
1550 1803 1614 1858 τῷ
1648 1796 1782 1844 αὐτοῦ

109 1871 332 1926 χρώμενος
367 1871 536 1926 μᾶλλον
576 1864 600 1928 ἢ
639 1872 692 1928 τῇ
724 1875 765 1913 Γ
763 1873 863 1915 α’ίόυ
903 1870 1169 1927 προστάξει,
1210 1869 1285 1914 διὰ
1323 1869 1372 1914 τὸ
1406 1870 1557 1928 φειδοῖ
1582 1871 1782 1925 χρῆσθαι

111 1938 192 1991 τὰς
220 1938 351 1993 τύχας
381 1938 514 1995 οἴκτῳ
546 1938 783 1994 λαμβάνων
812 1941 901 1982 τῶν
930 1936 1020 1982 ὑπὸ
1045 1937 1125 1994 τὴν
1147 1937 1382 1994 εἴσπραξιν
1405 1938 1468 1989 εἷς
1489 1933 1622 1996 ὀργὴν
1643 1953 1784 1992 πρου-

113 2007 286 2050 καλεῖτο
315 2005 393 2050 τὸν
425 2006 561 2050 Γάιον
590 2007 810 2060 μαλακίαν
841 2005 1138 2050 ἐπικαλοῦντα
1179 2001 1299 2062 αὐτῷ
1329 2009 1407 2050 τοῦ
1438 2007 1572 2063 σχολῇ
1604 2004 1785 2061 συνάγε-

115 2077 230 2118 σθαι
260 2070 378 2130 αὐτῷ
406 2073 462 2116 τὰ
490 2073 706 2131 χρήματα.
765 2075 836 2117 καὶ
870 2073 921 2130 δὴ
952 2073 1008 2116 τά
1037 2091 1086 2117 τε
1117 2071 1230 2117 ἄλλα
1259 2070 1430 2130 ὕβριζεν
1461 2074 1524 2126 εἷς
1557 2070 1690 2116 αὐτὸν
1711 2075 1785 2116 καὶ

115 2138 254 2185 ὁπότε
282 2141 331 2185 τὸ
365 2151 546 2199 σημεῖον
577 2137 696 2198 αὐτῷ
725 2140 775 2184 τὸ
808 2144 885 2198 τῆς
915 2139 1081 2200 ἡμέρας
1109 2142 1393 2200 καθηκούσης
1422 2142 1485 2194 εἷς
1518 2138 1664 2195 αὐτόν,
1695 2141 1784 2198 θή-

231 2253 386 2288 ΑΜΨΕ
396 2254 468 2288 Lat

233 2312 249 2343 1
278 2312 332 2350 τε]
357 2309 395 2345 δὲ
420 2308 542 2343 ΜΨΕ
634 2311 653 2343 3
678 2305 988 2347 *ἅναντιλέκτωσ
1011 2310 1100 2346 ΜΨ
1203 2311 1554 2358 κρίναντεσΜΨΕ
1647 2315 1669 2347 4
1693 2313 1786 2348 *καὶ

120 2361 200 2408 τὸν,
222 2365 292 2401 litt.
316 2367 380 2401 καὶ
404 2378 424 2400 τ
447 2365 472 2400 i.
495 2374 566 2400 ras.
591 2365 798 2409 angustiore
822 2377 867 2402 m.
893 2369 913 2401 2
937 2368 971 2402 A
1098 2371 1117 2402 5
1143 2380 1185 2404 τε
1210 2378 1278 2404 om.
1303 2367 1426 2403 MWE
1548 2370 1626 2404 τῶν
1650 2365 1786 2415 φόρων

120 2431 187 2457 om.
214 2420 335 2456 MWE
427 2423 447 2454 6
473 2419 658 2457 δὲ·ΜΨΕ
681 2424 719 2456 et
742 2432 787 2456 ex
811 2432 903 2458 corr.
929 2424 962 2458 A
1053 2437 1088 2460 τι
1112 2435 1180 2460 om.
1206 2424 1240 2459 E
1333 2427 1352 2460 8
1377 2421 1629 2471 προάγοντασ
1652 2424 1741 2459 MW

233 2480 252 2511 9
277 2473 495 2544 *ἔπραττον
519 2476 557 2511 Μ
662 2481 701 2513 10
727 2473 938 2524 *ἤνείχετο,
961 2475 983 2526 ἦ
1007 2480 1030 2515 i.
1057 2491 1128 2516 ras.
1154 2481 1188 2516 A
1291 2484 1328 2515 11
1358 2479 1400 2517 ἐν
1425 2478 1541 2529 ὀλίγῳ
1566 2491 1634 2515 om.
1661 2480 1694 2515 E

118 2530 242 2575 ἕνεκα]
268 2529 336 2579 τὴν
358 2530 467 2569 ἕνεκα
493 2532 613 2567 ΜΨΕ
705 2547 772 2580 την
788 2531 898 2571 ἕνεκα
923 2537 1001 2571 τῶν
1022 2533 1228 2583 χρημάτων
1251 2534 1313 2573 ἐπὶ
1337 2534 1534 2574 τοιούτοισ
1557 2538 1787 2585 παραίτησιν

121 2585 293 2635 ὅρῶντεσ
316 2586 489 2626 θάνατον
514 2584 648 2625 ‹xi-rozo
672 2589 864 2636 φέρουσαν
889 2591 922 2626 Ε
992 2589 1059 2638 τὴν
1084 2603 1152 2628 om.
1171 2592 1292 2628 MWE
1387 2596 1428 2628 12
1453 2590 1616 2636 *αὕτοῖς]
1643 2589 1787 2630 αυτοὺσ

118 2647 152 2681 A
223 2649 262 2681 15
289 2643 494 2691 *ἐμέλησεν
518 2644 605 2679 ΜΨ
688 2649 729 2681 16
757 2642 880 2683 οὐκέτι
903 2647 991 2683 ΜΨ
1071 2651 1110 2682 17
1136 2647 1359 2685 ἐπισκοπῶν
1383 2650 1504 2685 ΜΨΕ
1589 2653 1629 2685 19
1653 2649 1787 2697 ἐστρα-

120 2698 262 2743 τεύετο]
294 2698 567 2748 έστραγγεύετο
601 2701 723 2736 Naber
753 2702 929 2737 militabat
961 2703 1033 2740 Lat
1177 2708 1219 2740 20
1250 2702 1318 2750 τὴν
1350 2702 1667 2752 συναναστροφὴν
1697 2706 1787 2741 ΜΨ

229 2755 394 2800 ἵσταται]
417 2757 519 2794 ἰᾶται
546 2757 583 2791 Μ
607 2756 689 2794 ὶᾶτε
714 2757 762 2792 Ψ
791 2756 920 2795 ἕνιστᾶ
942 2759 975 2794 Ε
1110 2758 1262 2796 ἵσταται
1283 2762 1288 2804 1
1308 2760 1441 2806 γάϊοσ,
1472 2775 1534 2798 ται
1556 2761 1582 2796 i.
1598 2772 1689 2803 ras„
1721 2759 1790 2809 γάῖ

122 2814 240 2860 suppl.
266 2815 300 2849 A
419 2812 752 2859 *εἰσπραξόμενοσ
775 2813 824 2848 Ψ
938 2816 978 2849 21
1005 2812 1100 2852 ἄλλα
1127 2809 1200 2852 ὅσα
1225 2819 1269 2852 tr.
1295 2816 1418 2851 MWE
1533 2819 1576 2851 22
1599 2815 1787 2855 ἐπιδιπλα-

122 2867 329 2907 σιάσασθαι
347 2870 385 2905 Μ
410 2867 731 2906 διπλασιάσασθαι
749 2870 833 2905 ΨΕ
903 2873 945 2906 23
971 2868 1173 2918 εἰσπράξει]
1198 2872 1231 2907 Ε
1256 2869 1434 2919 ἐκπράξει
1452 2873 1555 2908 codd.
1649 2876 1692 2909 25
1716 2872 1787 2918 τὰς

123 2923 237 2973 τύχας
261 2937 328 2962 om.
353 2927 386 2962 E
456 2923 588 2963 οἶκτον
612 2927 734 2962 MWE
805 2929 846 2961 27
873 2923 978 2974 αὐτῷ
1001 2937 1067 2963 om.
1086 2927 1174 2963 ΜΨ
1241 2921 1406 2976 ὕβριζεν]
1432 2929 1464 2964 Ε
1486 2925 1655 2977 ὑβρίζειν
1678 2931 1784 2967 codd.

238 2984 280 3017 28
306 2977 410 3031 αὐτῷ
434 2979 494 3024 τὸ]
521 2978 624 3020 cei-z&
647 2989 805 3031 παρεῖχε
830 2981 875 3020 τὸ
900 2983 933 3019 Ε
960 2983 1107 3020 αἰτοῖτο
1133 2984 1225 3021 coni.

1812 1060 1865 1100 27

1813 1535 1867 1576 28

1813 1872 1867 1914 29
