2074 3392
145 369 200 410 90

146 571 196 610 91

146 841 200 882 92

148 1655 203 1695 94

232 183 285 221 86
696 182 859 227 ANTIQ.
885 181 982 217 ΠΗ).
1006 181 1112 216 xvn
1137 184 1270 218 89—94
1293 183 1339 224 (v.
1360 187 1387 214 2.
1404 185 1435 224 3)

233 291 579 350 ἀπεσταλμένος,
610 290 725 352 ἥκων
758 295 805 337 δὲ
837 289 968 344 αἰτός
998 310 1046 336 τε
1076 294 1322 349 σύμβουλος
1346 293 1517 351 Ἡρώδῃ
1551 295 1654 350 περὶ
1690 295 1776 337 τῶν
1808 292 1900 338 ἐνε-

235 363 457 421 στηκότων
490 359 609 420 αῧτιιῦ
634 363 852 421 δεηθέντι.
911 362 984 404 καὶ
1009 357 1152 404 αὐτῶν
1174 361 1521 418 συνεδρευόντων
1543 363 1689 419 παρῆν
1711 356 1900 405 521va-

230 447 401 487 πατρος
432 427 610 482 οὐδενὸς
641 427 760 487 αὗτιιῦ
791 428 1008 473 ἐκπύστου
1027 429 1269 484 γεγονότος.
1330 430 1514 473 εἴσεισιν
1536 429 1583 472 δὲ
1605 428 1668 480 εἷς
1696 427 1746 472 τὸ
1767 432 1900 484 βασί-

232 500 350 542 λειον
381 498 446 542 ἔτι
477 498 760 557 πορφυρίδας
791 493 1109 552 ἀμπεχόμενος,
1140 498 1213 540 καὶ
1245 492 1378 540 αὐτὸν
1406 497 1487 552 μὲν
1518 496 1718 550 δέχονται
1748 496 1792 540 οἳ
1822 496 1899 540 ἐπὶ

231 567 408 620 θύραις,
440 562 692 623 ἀνείργουσι
723 565 770 608 δὲ
799 563 902 614 τοὺς
933 565 1104 622 φίλους.
1165 563 1424 620 ἐθορυβεῖτο
1465 564 1512 607 δὲ
1549 561 1631 622 ἤδη
1670 565 1828 621 σαφῶς
1857 563 1905 608 οἶ

232 634 440 692 ἐληλύθει
469 636 708 686 κατανοῶν,
741 631 895 690 ἐπειδὴ
926 633 1000 675 καὶ
1022 629 1044 675 ὃ
1069 630 1218 689 πατὴρ
1239 632 1488 688 προσιόντα
1509 627 1642 675 αὐτὸν
1669 628 1729 682 ῶς
1751 626 1901 674 ἀσπά-

233 718 360 747 σαιτο
393 698 644 755 ἀπεώσατο,
679 697 1025 758 ἀδελφοκτονίαν
1046 715 1094 742 τε
1116 698 1338 742 ἐπικαλῶν
1358 701 1431 742 καὶ
1452 699 1685 754 βούλευσιν
1707 695 1900 757 ὀλέθρου

232 773 311 814 τοῦ
342 767 419 814 ἐπ’
455 766 587 826 αύτῷ,
619 768 800 812 πάντων
830 784 878 810 τε
909 762 1128 825 ἀκροατὴν
1157 768 1229 810 καὶ
1262 765 1469 825 δικαστὴν
1502 767 1690 810 ἔσεσθαι
1728 763 1902 823 Οὔαρον

232 841 285 895 τῇ
324 835 490 895 αόριον.
552 839 625 881 καὶ
664 834 686 880 ὁ
727 836 806 891 μὲν
846 834 1049 878 τοιούτου
1087 836 1221 877 κακοῦ
1263 852 1353 889 αμα
1397 851 1445 878 τε
1490 830 1790 890 ἀκροαθέντος
1827 835 1901 878 καὶ

232 905 455 959 παρόντος
484 923 545 962 τ(ιι)
577 908 761 961 μεγέθει
792 899 1144 961 περιφερόμενος
1173 900 1330 960 (ιόχετο,
1370 899 1714 954 ὑπαντιάζουσιν
1746 897 1788 945 δ’
1825 896 1903 945 αὗ-

231 973 311 1017 τὸν
341 968 369 1030 ἤ
398 990 446 1016 τε
475 974 616 1030 μήτηρ
647 974 719 1015 καὶ
750 988 868 1028 γυνη,
901 966 1008 1029 αύτη
1041 971 1088 1014 δὲ
1118 988 1171 1028 ην
1203 971 1282 1029 ήδη
1308 965 1550 1026 Ἀντιγόνα)
1580 979 1690 1020 παῖς
1719 972 1783 1025 τῷ
1812 967 1901 1025 πρὸ

227 1038 423 1097 Ἡρώδου
448 1036 674 1085 ’·Ιοιδαίων
689 1039 1057 1118 βεβασιλευκότι,
1099 1055 1192 1095 παρ
1256 1040 1318 1080 ῶν
1348 1036 1402 1079 τὰ
1440 1037 1589 1081 πάντα
1619 1036 1828 1092 ἐκμαθών
1859 1054 1904 1080 εν

233 1118 537 1166 παρασκειαῑς
566 1110 645 1151 τοῦ
677 1102 846 1163 ἀγῶνος
875 1105 941 1163 ἠν.

348 1181 385 1221 3.
452 1179 513 1233 Τῇ·
559 1175 602 1219 δ’
645 1175 742 1232 εξῆς
787 1174 1046 1231 συνήδρευεν
1083 1174 1163 1228 μὲν
1210 1170 1384 1228 Οὔαρός
1426 1190 1474 1216 τε
1511 1175 1584 1217 καὶ
1622 1170 1644 1217 ὃ
1682 1172 1903 1228 βασιλεύς,

232 1240 554 1302 εἰσεκλήθησαν
593 1243 641 1286 δὲ
677 1245 750 1286 καὶ
791 1243 834 1285 οἱ
866 1238 1036 1299 ἀμφοῖν
1075 1243 1202 1297 φίλοι
1243 1242 1317 1284 καὶ
1359 1242 1401 1284 οἱ
1441 1250 1659 1298 συγγενεῖς
1686 1242 1906 1323 βασιλέως

230 1312 421 1369 Σαλώμη
453 1328 501 1355 τε
529 1308 554 1367 ἡ
579 1307 772 1368 ἀδελφή,
813 1305 895 1353 εἶτ
932 1309 975 1352 εί
1010 1326 1127 1360 τινες
1162 1308 1370 1368 μηνύσειν
1410 1309 1592 1364 έμελλον
1630 1310 1703 1352 καὶ
1733 1304 1794 1351 ῶν
1822 1307 1906 1388 βά-

232 1396 362 1423 σανοι
389 1379 633 1436 γεγόνασιν,
667 1378 819 1422 δοῦλοί
847 1394 895 1420 τε
925 1379 1124 1434 μητριιῦοι
1154 1380 1232 1420 τοῦ
1258 1373 1559 1432 Ἀντιπάτρου
1579 1379 1722 1433 μικρῷ
1743 1375 1907 1456 πρότε-

232 1465 308 1505 ρον
341 1448 678 1505 συνειλημμένοι
709 1439 737 1502 ἢ
764 1441 980 1489 ’κεῖνον
961 1442 1101 1502 ήκειν,
1143 1443 1382 1503 επιστολὴν
1413 1448 1643 1503 φέροντες,
1674 1447 1725 1502 ἡς
1754 1443 1804 1488 τὸ
1835 1460 1907 1488 κε-

232 1516 427 1597 φάλαιον
455 1517 543 1558 τῶν
572 1516 882 1571 γεγραμμένων
910 1504 962 1571 ἦν
992 1512 1050 1569 (ιὴ
1084 1511 1317 1557 επανιέναι
1353 1511 1414 1564 ῶς
1445 1513 1625 1556 πάντων
1662 1515 1727 1568 τῷ
1767 1513 1907 1568 πατρὶ

232 1582 428 1642 ἡκόντων
460 1582 524 1634 εἷς
554 1581 729 1635 πύστιν,
760 1581 899 1639 μόνην
930 1598 978 1624 τε
1010 1599 1062 1624 αν
1092 1580 1347 1638 καταφυγὴν
1379 1577 1497 1638 αυτιιῦ
1528 1583 1772 1625 λείπεσθαι
1793 1583 1908 1623 Καί-

235 1667 350 1708 σαρα
380 1653 452 1694 καὶ
486 1649 564 1694 σὺν
595 1667 703 1707 αυτη
735 1649 784 1693 τὸ
817 1649 875 1706 μὴ
899 1651 1037 1706 πατρὶ
1059 1646 1315 1706 ὑποχείριον
1335 1652 1561 1705 γενέσθαι.
1604 1644 1907 1705 Ἀντιπάτρου

235 1720 281 1763 δὲ
321 1718 660 1777 προσπεσόντος
697 1720 760 1774 τῷ
801 1720 939 1773 πατρὶ
979 1716 1094 1773 πρὸς
1131 1716 1187 1759 τὰ
1227 1716 1393 1773 γόνατα
1431 1718 1503 1760 καὶ
1545 1716 1811 1767 ἱκετεύοντος
1846 1714 1905 1772 μὴ

235 1788 648 1844 προδιεγνωσμένην
678 1788 950 1841 καταστῆναι
981 1785 1116 1842 δίκην,
1150 1781 1252 1828 ἀλλ’
1288 1781 1542 1842 ἀκροάσεως
1574 1782 1709 1828 αὐτοῦ
1728 1786 1908 1840 γενομέ-

234 1873 309 1914 νης
339 1853 463 1939 παρὰ
494 1856 558 1911 τῶ
596 1855 735 1910 πατρὶ
777 1850 992 1909 ἀκεραίως
1029 1855 1176 1907 μένειν
1217 1852 1464 1908 δυναμένῳ,
1505 1855 1661 1896 τοῦτον
1699 1851 1908 1902 κελεύσας

347 1981 434 2022 §89
460 1996 503 2008 =
528 1977 610 2013 bell.
639 1976 759 2013 Iud.1
784 1980 860 2011 617.

349 2101 782 2136 PAMWELatZonaras
806 2100 824 2135 Ι
848 2110 883 2144 p.
909 2102 986 2134 458

352 2162 365 2192 1
394 2157 444 2199 δὲ]
471 2158 527 2193 ed.
551 2169 605 2202 pr
631 2153 671 2203 δη
698 2157 802 2193 codd
828 2156 859 2191 E
967 2151 1083 2197 αὐτός
1108 2158 1160 2197 τε]
1185 2156 1249 2190 καὶ
1274 2149 1396 2191 αιἰτὸσ
1421 2155 1452 2189 Ε
1553 2157 1572 2188 2
1599 2149 1763 2195 ἀὐτῶν1
1788 2148 1909 2190 αὐτὸν

236 2215 281 2249 W
376 2217 396 2249 3
422 2213 584 2250 *εἴσισιν
610 2213 638 2248 P
740 2217 760 2248 4
786 2213 1063 2260 *πορφυρίδας]
1084 2223 1258 2258 purpura
1284 2212 1423 2251 (ablat.)
1449 2211 1520 2246 Lat
1545 2211 1761 2258 πορφυρίδα
1785 2210 1865 2245 Zon

235 2276 253 2307 5
280 2267 343 2308 *οἶ
369 2269 552 2318 ἐληλύθει]
578 2271 614 2305 in
640 2281 734 2316 quae
759 2269 855 2304 mala
880 2269 1066 2304 derzenere't
1090 2269 1173 2311 Lat,
1199 2269 1233 2303 h.
1253 2279 1282 2304 e.
1310 2264 1345 2304 οἷ
1371 2265 1541 2314 ἐληλύθει
1565 2269 1695 2303 κακῶν
1765 2269 1785 2302 6
1803 2264 1911 2314 *ἐλη-

234 2325 343 2364 λύθοι
368 2329 402 2363 A
517 2323 636 2364 αὐτὸν
660 2320 873 2373 προσιόντα
896 2329 942 2361 tr.
969 2326 1050 2361 WE
1153 2329 1170 2359 ’ἰ
1198 2320 1440 2361 *ἀποκαλῶν
1464 2324 1492 2358 Ρ
1588 2326 1628 2359 10
1654 2322 1721 2360 *δὲ
1746 2322 1820 2358 ΑΜ

236 2380 365 2426 αὐτὸν]
392 2379 495 2420 αὐτῶ
521 2383 553 2418 Ε
577 2385 614 2418 et
637 2383 661 2418 i.
687 2393 796 2427 marg.
822 2383 896 2418 AM
1008 2385 1043 2417 11
1074 2379 1177 2428 γυνὴ]
1203 2379 1222 2428 ἥ
1248 2379 1337 2428 γυνὴ
1363 2380 1486 2416 MWE
1593 2373 1716 2425 *αὕτη
1740 2399 1782 2405 —
1807 2380 1909 2423 παῖς]

235 2453 330 2487 quae
353 2440 499 2476 residua
522 2440 651 2485 fuerat
675 2439 718 2474 de
738 2439 887 2483 filiabus
910 2439 1079 2485 antiqom'
1103 2439 1173 2474 Lat
1309 2437 1387 2485 ήδη]
1412 2436 1434 2484 ἡ
1459 2437 1644 2485 γενομένη
1668 2436 1825 2472 AMWE

239 2501 280 2533 14
303 2497 527 2544 *συνέδρευε
553 2497 600 2530 W
715 2495 786 2540 μὲν
810 2506 876 2531 om.
902 2495 984 2530 WE
1095 2499 1134 2530 15
1160 2493 1445 2541 εἰσεκλήθησαν]
1471 2491 1763 2541 εἰσεληλύθησαν
1787 2493 1820 2529 Ε

239 2556 279 2589 16
305 2549 378 2591 εἶτ’
404 2553 546 2596 dvm]
573 2567 620 2599 γρ
645 2549 726 2589 εἶτα
752 2549 889 2588 εἷτινεσ
912 2552 935 2588 i.
953 2562 1062 2596 marg.
1081 2553 1114 2587 A
1139 2549 1178 2588 εἷ’
1197 2552 1236 2588 τέ
1262 2564 1365 2588 τινεσ
1382 2551 1463 2586 WE
1488 2555 1523 2586 et
1546 2552 1580 2586 si
1603 2551 1666 2596 qui
1681 2550 1753 2586 Lat
1844 2541 1909 2592 ὦν]

236 2603 291 2646 (ὗν
315 2622 418 2647 τινεσ
442 2610 524 2645 WE
628 2612 668 2644 18
693 2606 715 2655 ἢ
739 2607 888 2645 ἐκεῖνον
912 2608 1021 2643 ΑΜΕ
1047 2604 1102 2644 ῶσ
1126 2607 1274 2645 ἐκεῖνον
1299 2607 1345 2642 W
1449 2601 1530 2654 *ἦςῙ
1557 2606 1614 2643 εἰσ
1637 2607 1665 2642 Ρ
1762 2609 1800 2640 19
1826 2600 1910 2652 *ἧνῙ

236 2663 280 2714 ἢν
305 2667 332 2701 P
403 2665 607 2707 ἐπανιέναι]
625 2665 681 2700 ed.
698 2675 752 2710 pr.
778 2663 972 2701 ἐπανεῖναι
997 2671 1045 2706 (εἰ
1064 2665 1086 2699 i.
1105 2676 1174 2700 ras.
1193 2666 1238 2708 A)
1264 2665 1367 2700 codd.
1393 2661 1594 2710 ἐπανήκειν
1611 2663 1644 2698 Ε
1715 2664 1757 2696 20
1783 2663 1911 2698 πίστιν

236 2723 317 2758 WE
410 2724 622 2764 λείπεσθαι]
649 2722 743 2757 codd
778 2721 856 2757 Zon
881 2721 1055 2757 λιπέσθαι
1083 2722 1165 2756 WE
1259 2725 1296 2757 21
1326 2719 1432 2767 αὐτῇ]
1459 2715 1561 2757 αὐτῶ
1586 2720 1625 2754 Μ
1704 2720 1831 2765 πατρὶ]
1857 2721 1912 2755 τῶ

236 2782 352 2826 πατρὶ
377 2779 534 2815 AMWE
671 2781 713 2813 22
739 2775 1062 2825 *προσπεσόντος
1095 2781 1149 2827 τῷ
1178 2780 1294 2826 πατρὶ
1319 2788 1386 2814 om.
1412 2777 1440 2812 P
1578 2778 1620 2810 23
1646 2777 1910 2822 *καταστῆσαι

237 2836 395 2871 Dindorf
462 2831 578 2873 *ἄλλ’
597 2856 638 2860 —
658 2839 700 2871 24
718 2835 922 2884 διιαμὲνῳ]
947 2835 1033 2880 quin
1054 2837 1182 2881 polius
1205 2834 1387 2880 facultate
1410 2833 1481 2868 sibi
1503 2832 1680 2868 audtlorii
1704 2832 1912 2867 contributa

229 2899 431 2940 pur-(satum
459 2893 504 2927 iri
528 2904 566 2928 se
591 2892 692 2938 apud
709 2896 854 2939 palrem
875 2902 986 2938 poss-c
1007 2891 1179 2935 firmabat
1203 2891 1275 2927 Lat
1352 2893 1394 2925 24
1419 2885 1664 2937 *εἷκαιραιωσ
1689 2887 1717 2923 Ρ
1743 2883 1912 2938 α’κεραίῳ

238 2948 382 2992 Cocceji
407 2945 591 2996 α’κεραίας
616 2949 709 2985 coni.
