2074 3392
304 203 387 241 194
701 201 863 245 ANTIQ.
887 201 983 237 IUD.
1007 201 1130 237 XVIII
1154 205 1330 238 296—301
1357 205 1440 246 (vul.
1456 209 1484 235 τ.
1501 205 1533 246 S)

1014 310 1025 325 J
1069 308 1090 324 >K

303 316 489 361 ενέκειτο
513 314 669 367 εἰπεῖν,
700 310 727 358 o'
747 332 791 358 τι
808 314 1010 370 χαρίζοιτ
1062 332 1114 357 αν
1146 311 1266 372 αυτιῦ
1294 315 1646 372 παρασχόμενος.
1707 314 1812 369 ὃδέ,
1844 314 1974 369 »ἐπεί

301 402 400 441 περ,
433 402 467 426 ω
501 383 720 436 δέσποτα,
761 385 1001 464 προθυμία
1037 399 1089 439 τῃ
1124 397 1177 440 σῃ
1211 383 1387 440 δωρεῶν
1419 382 1545 435 α’ξιον
1577 379 1870 441 ἀποφαίνεις,
1903 383 1974 427 αἶ-
2032 382 2034 392 ²

302 453 497 509 τήσομαι
534 452 622 493 τῶν
659 450 739 505 μὲν
779 449 842 500 εἷς
880 445 1014 504 όλβον
1054 450 1281 506 φερόντων
1321 448 1446 495 οὐδὲν
1488 450 1562 495 διὰ
1600 450 1650 494 τὸ
1690 450 1892 507 μεγάλως
1920 447 1990 506 με’

188 524 270 565 297
303 519 620 575 ἐνδιαπρέπειν
660 517 726 568 οἷς
763 514 845 574 ἤδη
877 520 1116 573 παρέσχες·
1157 512 1182 560 o'
1218 535 1262 562 τι
1293 514 1336 561 δ’
1373 513 1426 562 ἂν
1458 521 1529 562 σοὶ
1561 518 1694 570 δόξαν
1724 527 1978 574 προσποιοῖ

300 590 380 631 τοῦ
412 582 618 642 ευσεβοῦς
647 587 721 629 καὶ
750 584 799 628 τὸ
823 588 954 628 θεῖον
986 600 1212 640 συμμαχον
1244 582 1318 644 ἐφ’
1355 586 1422 636 οἷς
1450 586 1692 644 θελήσειας
1721 587 1978 643 παρακαλοῖ

300 651 435 711 κάμοὶ
465 654 579 711 πρὸς
611 649 806 734 εὖκιλείας
826 656 998 708 γένοιτο
1020 652 1146 708 παρὰ
1167 662 1262 703 τοῖς
1286 658 1658 709 πυνθανομένοις,
1691 652 1752 706 ὦς
1778 651 1978 712 μηθενὸς

302 727 363 766 ών
390 726 638 781 χρησαίμην
668 719 756 764 υπὸ
789 723 866 777 τῆς
897 723 976 778 σῆς
1008 719 1211 771 εξουσίας
1243 716 1414 775 ἀτυχεῖν
1444 722 1634 766 πώποτε
1662 721 1831 779 γνόντι·
1864 717 1978 772 ἆξιῶ

300 787 382 847 γάρ
406 806 478 834 σοι
498 792 577 833 τοῦ
609 785 870 844 ἀνδριάντος
900 787 978 845 τὴν
1010 783 1240 841 ἀνάθεσιν,
1273 788 1324 846 ἢν
1355 790 1644 847 ποιήσασθαι
1673 789 1864 840 κελεύεις
1883 793 1978 833 Πε-

301 859 488 916 τρώνιον
520 857 583 908 εἰς
613 856 662 900 τὸ
690 853 915 900 Ἰουδαίων
948 856 1080 912 ἱερόν,
1110 859 1264 913 μηκέτι
1296 856 1516 913 πράσσειν
1548 858 1878 902 διανοεῖσθαι.“

189 932 271 973 298
419 930 457 970 8.
517 926 608 968 Καὶ
639 922 661 967 ὁ
693 925 773 979 μὲν
803 928 965 979 καίπερ
999 923 1278 967 ἐπικίνδυνον
1308 926 1439 968 τοῦτο
1460 922 1712 982 ἡγούμενος,
1745 925 1784 968 εἷ
1813 924 1896 981 γὰρ
1915 923 1975 981 μὴ

302 992 482 1038 πιθανὰ
514 992 655 1046 ἔκρινε
676 992 825 1045 Γάιος,
858 988 984 1036 οὐδὲν
1017 989 1126 1036 ἄλλο
1157 984 1183 1048 ἢ
1214 991 1258 1042 ἒς
1287 992 1489 1036 θάνατον
1511 993 1678 1051 ἔφερεν,
1712 991 1786 1036 διὰ
1816 991 1867 1036 τὸ
1898 1009 1978 1048 με-

301 1058 415 1119 γάλα
446 1060 640 1116 νομίζειν
670 1077 718 1104 τε
747 1062 819 1104 καὶ
844 1058 959 1104 εἶναι
979 1059 1110 1115 κύβον
1133 1055 1421 1117 ἀναρριπτεῖν
1442 1059 1520 1103 τὸν
1542 1056 1615 1104 ἐπ’
1644 1056 1794 1112 αὐτοῖς
1814 1057 1976 1116 ἡγεῖτο.

188 1136 270 1177 299
304 1129 441 1180 Γάιος
478 1129 524 1172 δὲ
564 1128 668 1185 [καὶ]
709 1123 801 1183 ἅμα
838 1145 886 1171 τε
924 1130 978 1185 τῇ
1009 1131 1240 1185 θεραπείᾳ
1269 1130 1347 1171 τοῦ
1372 1124 1629 1184 Ἀγρίππου
1661 1125 1978 1186 ἀνειλημμένος

302 1199 376 1241 καὶ
407 1194 550 1248 ἄλλως
583 1193 785 1252 ἀπρεπὲς
814 1194 1146 1250 ὑπολαμβάνων
1187 1195 1263 1239 ἐπὶ
1303 1196 1497 1240 τοσῶνδε
1534 1193 1769 1254 μαρτύρων
1808 1194 1978 1253 ψευδὴς

300 1268 514 1322 γενέσθαι
551 1266 657 1320 περὶ
697 1260 758 1307 ὦν
796 1264 1047 1318 προθύμως
1087 1263 1284 1318 ἐβιάζετο
1326 1263 1558 1308 αἰτεῖσθαι
1601 1263 1679 1308 τὸν
1717 1260 1978 1320 Ἀγρίππαν
2006 1272 2035 1311 11

190 1339 271 1380 300
302 1333 416 1388 μετὰ
446 1335 524 1376 τοῦ
555 1328 679 1383 ὀξέος
709 1333 942 1388 μεταμέλῳ
971 1331 1208 1386 χρώμενος,
1242 1326 1334 1386 ἅμα
1356 1332 1404 1375 δὲ
1423 1334 1495 1375 καὶ
1517 1334 1597 1375 τοῦ
1616 1328 1868 1389 Ἀγρίππου
1898 1331 1978 1390 τὴν

302 1396 461 1457 ἀρετὴν
491 1400 755 1455 θαυμάσας,
797 1417 841 1443 εν
881 1395 1016 1456 οΙίγω
1056 1396 1203 1450 αἴξειν
1234 1417 1312 1458 την
1344 1399 1509 1444 οικείαν
1543 1396 1675 1458 ἀρχὴν
1705 1398 1805 1458 ἤτοι
1835 1416 1978 1484 προσ-

301 1468 424 1519 όδοις
449 1467 687 1526 χρημάτων
716 1461 744 1524 ἢ
776 1464 884 1525 ἄλλῃ
918 1468 1103 1522 δυνάμει
1140 1470 1219 1511 τοῦ
1256 1471 1406 1512 κοινοῦ
1443 1469 1489 1512 δὲ
1519 1472 1597 1527 τῆς
1628 1464 1846 1524 εὐθυμίας
1877 1468 1978 1513 ἐπι-

300 1538 479 1591 μελοῖτο
511 1535 769 1592 πρεσβεύων
799 1534 903 1586 τοὺς
934 1535 1096 1591 νόμους
1125 1537 1199 1579 καὶ
1219 1535 1268 1579 τὸ
1293 1539 1435 1590 θεῖον,
1468 1536 1702 1593 συνεχώρει
1721 1539 1795 1581 καὶ
1814 1537 1979 1596 γράφει

301 1604 416 1661 πρὸς
445 1604 523 1648 τὸν
554 1603 826 1659 Πετρώνιον,
867 1603 1031 1648 ἐκεῖνον
1069 1607 1146 1661 τῆς
1176 1621 1224 1647 τε
1255 1601 1509 1660 ἀθροίσεως
1542 1608 1620 1649 τοῦ
1652 1605 1980 1661 στρατεύματος
2006 1612 2038 1649 m

190 1679 266 1719 301
304 1672 501 1716 επαινιῦν
531 1674 604 1716 καὶ
634 1675 714 1715 τοῦ
744 1671 860 1727 πρὸς
892 1668 1024 1715 αυτὸν
1055 1673 1160 1728 περὶ
1199 1667 1342 1715 αἰτῶν
1382 1672 1726 1725 επεσταλκότος·
1766 1676 1870 1727 »νῦν
1902 1672 1978 1718 οὖν

303 1740 342 1784 εἰ
372 1741 451 1796 μὲν
482 1740 676 1797 φθάνεις
706 1739 782 1783 τὸν
815 1735 1055 1795 ἀνδριάντα
1087 1739 1293 1793 ἑστακώς,
1331 1739 1522 1784 ἑστάτω·
1563 1741 1603 1785 εἰ
1634 1741 1682 1785 δὲ
1719 1741 1856 1800 μήπω
1895 1758 1979 1786 πε-

303 1813 496 1866 ποίησαι
526 1807 604 1865 τὴν
636 1804 866 1860 ἀνάθεσιν,
898 1808 1034 1865 μηδὲν
1066 1811 1315 1862 περαιτέρω
1346 1812 1646 1861 κακοπαθεῖν,
1683 1805 1796 1852 ἀλλὰ
1824 1809 1902 1853 τόν
1931 1826 1980 1853 τε

304 1875 494 1933 στρατὸν
534 1876 686 1919 διάλυε
723 1878 797 1918 καὶ
838 1871 970 1926 αὐτὸς
1009 1871 1083 1933 ἐφ’
1129 1875 1156 1918 ἃ
1197 1875 1246 1919 τὸ
1288 1876 1467 1932 πριῦτόν
1507 1892 1557 1919 σε
1598 1876 1772 1920 ἔστειλα
1813 1873 1977 1920 ἄπιθι·

416 2067 818 2103 AMWELatZonaras
841 2067 858 2101 I
882 2079 918 2112 p.
943 2069 1010 2101 498
1036 2067 1114 2102 Exc
1139 2067 1297 2102 Peiresc.

421 2129 435 2159 1
465 2121 694 2171 *χαρίζοιτό
720 2119 758 2160 τ’
784 2121 832 2161 ἄν
855 2123 1026 2158 MWExc
1120 2126 1139 2158 2
1165 2121 1311 2166 *ἄξιον1
1337 2123 1483 2169 diqnum
1510 2134 1564 2159 me
1580 2123 1653 2158 Lat
1745 2119 1979 2169 ἅποφαίνεισ

303 2195 350 2227 με
377 2179 583 2228 αἰτήσομαί
607 2194 650 2217 σε
675 2183 752 2217 τῶν
774 2180 845 2224 μὲν
870 2180 902 2214 Ε
1011 2183 1032 2214 4
1057 2177 1104 2217 ἄν
1129 2193 1190 2216 σοι
1216 2181 1318 2216 codd.
1345 2180 1377 2214 E
1492 2182 1715 2226 προσποιοῖ]
1741 2180 1835 2216 coni.
1860 2193 1979 2229 προσ-

304 2242 395 2285 ποιῇ
419 2239 523 2274 codd.
548 2238 670 2273 EExc
776 2241 794 2272 5
820 2240 1051 2281 παρακαλοῖ]
1078 2237 1172 2272 coni.
1198 2239 1409 2282 παρακαλῶ
1436 2237 1538 2272 codd.
1565 2237 1644 2272 Exc
1745 2239 1764 2271 6
1789 2232 1919 2282 κᾶμοὶ]
1943 2237 1977 2273 Ε
2042 2283 2044 2285 ¹

301 2297 368 2332 καί
391 2308 457 2340 μοι
483 2295 586 2331 codd.
612 2294 691 2329 Exc
785 2290 956 2330 εὔκλειαν
981 2293 1014 2328 Ε
1106 2293 1256 2340 γένηται
1283 2293 1314 2328 Ε
1408 2290 1460 2336 ὡς
1485 2313 1526 2318 -
1553 2297 1570 2327 ’ῖ
1597 2290 1740 2340 γνόντι]
1765 2293 1866 2339 quod
1888 2293 1982 2330 nihil

303 2364 325 2387 α
352 2356 384 2387 le
406 2351 572 2398 petierim
597 2350 646 2385 acl
670 2361 757 2385 usus
776 2351 968 2396 pertinens
994 2350 1246 2396 temporalitate
1272 2361 1393 2385 rerum
1418 2350 1489 2386 Lat
1582 2353 1599 2384 Τ
1627 2343 1692 2392 ὦν,
1719 2363 1738 2385 ν
1761 2350 1786 2384 i.
1804 2361 1875 2387 ras.
1899 2351 1935 2386 A
1995 2370 1997 2373 ·

300 2409 524 2455 χρησαίμην]
550 2401 729 2454 χρήσαιμι
756 2406 850 2442 coni.
944 2404 1073 2452 γνόντι
1093 2409 1303 2451 corruptum
1397 2409 1416 2441 S
1442 2406 1516 2454 γάρ
1541 2409 1614 2447 σοι]
1641 2419 1683 2443 σε
1707 2403 1783 2454 γὰρ
1800 2407 1833 2442 Ε
1904 2410 1978 2450 σοι]

304 2477 346 2501 σε
371 2475 416 2500 ex
441 2475 532 2499 corr.
559 2466 592 2498 A
728 2468 747 2497 9
772 2459 999 2505 *Ἰουδαίων]
1024 2462 1065 2499 ἐν
1091 2465 1278 2500 ἰουδαιόισ
1301 2464 1341 2499 Μ
1466 2460 1693 2510 *πράσσεινῙ
1720 2458 1979 2510 προστάσσειν

304 2520 428 2556 Naber
527 2523 562 2555 11
589 2517 735 2567 ἔκρινεν
752 2519 798 2554 W
892 2517 1023 2562 Γάιος]
1049 2531 1176 2556 caesar
1200 2521 1270 2557 Lat
1341 2520 1397 2557 εἰσ
1422 2520 1592 2555 MWExc
1688 2522 1728 2555 12
1754 2515 1978 2567 άναριπτεῖν

304 2577 386 2612 WE
490 2572 657 2623 *ἡγεῖτο]
683 2571 810 2622 ᾐτεῖτο
839 2576 983 2621 Cocceji
1093 2580 1129 2612 13
1155 2580 1217 2613 καὶ
1243 2589 1310 2613 om.
1337 2577 1419 2612 WE
1526 2590 1564 2613 τε
1591 2587 1657 2611 om.
1682 2576 1888 2612 MWEExc

304 2632 573 2679 ἐνειλημμένοσ
598 2633 809 2668 MWEExc
906 2636 945 2667 14
972 2635 1062 2669 *καὶ
1090 2632 1212 2676 ἄλλως
1237 2645 1303 2669 om.
1323 2633 1401 2669 Exc
1500 2636 1538 2668 1ss
1565 2627 1686 2675 ὀξέωσ
1710 2633 1750 2667 Μ
1818 2635 1882 2668 καὶ
1907 2643 1975 2669 om.

304 2690 427 2724 MWE
438 2690 517 2724 Exc
617 2693 655 2725 17
681 2688 722 2725 ἐν
749 2686 864 2738 ὀλίγῳ
890 2688 1025 2732 αὔξειν]
1051 2691 1150 2736 quod
1177 2712 1215 2715 —
1241 2702 1314 2724 non
1339 2710 1381 2714 —
1407 2689 1633 2736 amplificare
1657 2689 1838 2735 cupium-it
1861 2689 1934 2725 Lat

305 2746 357 2789 ἐν]
386 2741 443 2783 ὅτι
469 2745 510 2782 ἐν
535 2746 690 2791 Cocceji,
715 2750 798 2791 post
826 2742 943 2795 ὀλίγῳ
965 2748 1134 2782 lacunam
1159 2747 1298 2783 indicat
1315 2747 1473 2791 Ernesti,
1499 2746 1633 2782 excidit
1650 2750 1762 2782 θοῐτο
1782 2745 1841 2781 uel
1856 2746 1976 2790 aliud3

306 2801 535 2847 ποιοί-μενος
560 2803 705 2848 supplet
728 2803 876 2838 Bekker
1019 2807 1054 2838 lS
1081 2804 1119 2840 δὲ
1144 2814 1212 2838 om.
1239 2803 1449 2838 MWEExc
1593 2801 1804 2846 ἐπιμελιῦτο
1830 2801 1978 2838 A¹Mw

305 2859 495 2904 ἐπιμελῶσ
520 2857 564 2896 τὸ
592 2861 671 2896 Exc
813 2864 852 2894 19
877 2863 1093 2906 *συγχωρεῖ
1115 2860 1285 2895 MWExc
1424 2862 1464 2893 20
1491 2872 1530 2895 τε
1558 2861 1623 2905 τιῙσ
1648 2862 1691 2894 tr.
1719 2858 1888 2894 MWExc

308 2920 347 2952 21
375 2912 667 2953 α’πεστιιλκότοσ
693 2917 862 2952 MWExc
936 2920 1010 2958 νῦν]
1038 2919 1102 2953 νῦν
1117 2916 1187 2961 μὲν
1205 2917 1242 2950 Μ
1336 2919 1378 2951 22
1403 2917 1616 2962 *πεποίησε
1634 2915 1713 2950 Exc
1786 2918 1827 2950 23
1851 2914 1976 2962 μηδὲν]

306 2973 355 3022 μὴ
381 2973 413 3008 Ε
507 2971 751 3010 *κακοπάθει
778 2974 869 3009 coni.
966 2976 1008 3007 24
1034 2975 1105 3009 *σε
1130 2971 1327 3009 ἐπέστειλα
1356 2973 1435 3008 Exc
