2074 3392
163 603 243 642 266

163 1009 243 1050 267

163 1959 244 2000 270

276 216 356 254 188
698 215 859 260 ANTIQ.
884 216 981 251 IUD.
1006 216 1128 252 XVIII
1153 219 1330 252 265-270
1354 219 1440 260 (vm.
1456 224 1483 250 2.
1499 222 1531 261 3)

273 329 543 384 βου2εύμασι
578 332 777 386 χρῆσθαι
816 338 911 380 τοῖς
950 328 1139 384 ἐμαυτοῦ
1176 330 1280 373 τάδε
1319 331 1538 386 πράσσειν
1579 330 1812 387 ἐπενόουν,
1856 349 1936 375 καν

276 397 446 446 δίκαιος
475 394 526 451 ἦν
555 393 658 451 ὑμῖν
688 395 801 452 πρός
830 413 885 451 ιιε
909 392 1034 447 οὗτος
1055 394 1077 439 ὅ
1102 396 1242 452 λόγος.
1303 400 1394 442 νυνὶ
1417 398 1465 441 δέ
1484 415 1563 453 μοι
1583 397 1851 456 Καίσαρος’
1833 415 1937 442 επε-

276 463 516 514 σταλκότος
546 466 672 507 πᾶσα
704 460 864 521 ἀνάγκη
898 464 1208 508 διακονεῖσθαι
1235 474 1328 516 τοῖς
1359 464 1508 522 ἐκείνω
1536 470 1937 524 προανεψηφισμέ-

278 547 368 581 ιοις
400 530 474 574 διὰ
505 530 554 574 τὸ
589 532 651 582 εἷς
683 527 1025 609 ἀνηκεστοτέραν
1057 534 1208 588 φέρειν
1241 531 1396 590 ζημίαν
1425 533 1504 590 τὴν
1526 533 1832 617 παρακρόασιν
1859 530 1937 577 αὗ-

274 601 375 642 τιῦν.
463 599 590 652 ,,ἒπεὶ
613 603 760 642 τοίνυν
782 594 920 650 οἵτως
941 615 1054 656 ([οοι
1058 615 1132 651 εις,
1164 597 1198 641 εὖ
1219 601 1458 655 Πετρώνιε,
1491 603 1630 659 φασὶν
1651 602 1693 645 οἱ
1718 598 1938 654 Ἰουδαῖοι,

275 664 335 717 (ὃς
363 666 421 723 μὴ
455 685 507 710 αν
539 665 780 717 επιστολὰς
818 683 898 718 τας
930 669 1067 710 Γαΐου
1106 669 1376 722 παρελθεῖν,
1417 665 1512 712 οἷδ’
1549 663 1602 712 ι’ἒν
1634 665 1759 712 αἰτοὶ
1790 686 1938 724 παρα-

273 739 460 792 βαίηιιεν
499 738 578 778 τοῦ
617 735 752 790 νόμοι
790 734 868 791 τὴν
906 735 1231 790 προαγόρευσιν
1261 738 1373 778 θεοῦ
1403 740 1667 788 πεισθέντες
1703 732 1836 794 ἆρετῇ
1865 739 1940 780 καὶ

274 803 504 858 προγόνων
534 802 694 853 πόνοις
723 805 810 844 τιῦν
840 799 1062 858 ἡμετέρων
1101 802 1164 852 εἷς
1203 805 1277 846 νῦν
1317 800 1602 859 ἀπαράβατοι
1636 803 1938 862 μεμενηκότες,

277 866 370 912 οὐδ’
416 863 468 912 ἂν
506 870 806 926 τολμήσαιμεν
846 868 923 912 ἐπὶ
958 872 1172 913 τοσοῦτον
1202 872 1327 913 κακοὶ
1357 875 1589 926 γενέσθαι,
1637 867 1752 915 ὥστε
1790 868 1939 915 ὁπόσα

277 937 427 994 ἐκείνῳ
468 934 634 988 δόξειεν
671 936 730 994 μὴ
769 937 1061 993 πρασσόιιενα
1101 933 1277 993 ἆγαθοῦ
1317 938 1459 997 ῥοπὴν
1499 937 1601 996 ἡμῖν
1632 943 1783 998 φέρειν
1814 935 1941 982 αῦτοὶ

276 1008 572 1060 παραβαίνειν
608 1000 715 1047 ποτ’
762 998 815 1047 ἂν
854 1004 1055 1048 θάνατον
1095 1009 1386 1063 φοβηθέντες.
1449 1004 1754 1062 ὑπομενοῦμεν
1793 1006 1840 1049 δὲ
1879 1006 1942 1057 εις

275 1072 405 1126 τύχας
436 1072 577 1123 ιόντες
607 1072 683 1115 ἐπὶ
715 1074 887 1130 φυ2ακῆ
926 1089 974 1115 τε
1011 1078 1214 1129 πατρίων
1244 1075 1318 1117 καὶ
1347 1074 1609 1118 κινδυνεύειν
1640 1077 1942 1131 προθεμένοις

276 1139 439 1184 ἐ2πίδα
471 1139 606 1184 οὖσαν
638 1139 975 1195 ἐξεπιστάμενοι
1006 1159 1086 1184 καν
1116 1145 1434 1197 περιγενέσθαι
1466 1142 1540 1185 διά
1571 1159 1618 1185 τε
1646 1145 1725 1186 τοῦ
1745 1144 1858 1185 θεοῦ
1888 1141 1938 1185 τὸ

276 1208 545 1266 στησόμενον
575 1205 686 1263 μεθ’
721 1206 846 1264 ἡμῶν
877 1207 953 1252 επὶ
982 1212 1089 1266 τιιιῇ
1119 1226 1165 1252 τε
1204 1212 1258 1266 τῆ
1290 1208 1455 1253 εκείνου
1486 1209 1541 1252 τὰ
1573 1209 1695 1254 δεινὰ
1726 1207 1942 1264 ὑποδεχο-

274 1281 417 1331 μένων
446 1279 517 1319 καὶ
549 1279 625 1331 τῆς
656 1276 784 1334 τύχης
814 1275 863 1319 τὸ
888 1271 963 1318 ἐπ)
990 1272 1223 1334 ἀμφότερα
1246 1279 1405 1334 φιλοῦν
1426 1287 1520 1329 τοῖς
1541 1278 1773 1334 πράγμασι
1793 1295 1942 1333 παρα-

276 1345 518 1401 τυγχάνειν,
560 1344 605 1387 {z
644 1345 690 1388 δὲ
728 1347 807 1387 τοῦ
848 1346 918 1387 σοὶ
958 1348 1212 1388 πείθεσθαι
1258 1345 1427 1403 πολλὴν
1470 1346 1550 1400 μὲν
1595 1346 1822 1402 λοιδορίαν
1864 1347 1942 1388 τοῦ

254 1409 493 1467 ,ἀνάνδρου
536 1415 914 1470 προσκεισομένην
959 1410 1019 1463 (ὃς
1065 1408 1125 1455 δι’
1178 1409 1283 1456 αὐτὸ
1330 1413 1588 1469 παράβασιν
1631 1415 1710 1457 τοῦ
1754 1416 1943 1468 νομίμου

275 1484 702 1536 προσποιουμένοις,
742 1482 815 1523 καὶ
847 1478 938 1534 άμα
968 1480 1139 1536 πολλὴν
1178 1477 1310 1538 ὀργὴ-ν
1350 1484 1426 1525 τοῦ
1461 1483 1596 1534 θεοῦ,
1635 1480 1684 1533 ὃς
1713 1483 1785 1525 καὶ
1817 1479 1942 1535 παρὰ

277 1550 347 1591 σοὶ
380 1548 565 1605 δικαστῇ
594 1544 756 1604 γένοιτ’
793 1542 846 1592 ἂν
874 1550 1061 1604 βελτίων
1094 1554 1133 1592 Γ
1132 1552 1261 1593 αιου

390 1620 428 1661 3
488 1618 578 1660 Καὶ
617 1613 639 1659 o‘
683 1616 937 1671 Πετρώνιος
977 1616 1021 1660 ἐκ
1057 1620 1144 1661 τιῦν
1185 1617 1325 1674 2όγων
1364 1617 1646 1672 θεασάμενος
1685 1616 1942 1673 δυσνίκητον

278 1680 421 1727 αὐτῶν
451 1683 500 1727 τὸ
536 1686 727 1742 φρονοῦν
757 1687 829 1728 καὶ
860 1684 918 1742 μὴ
952 1703 1005 1728 αν
1036 1681 1194 1740 ἆμαχεὶ
1230 1682 1414 1740 δύναμιν
1452 1681 1569 1741 αυτιῦ
1599 1688 1811 1741 γενέσθαι
1842 1684 1942 1728 δια·

276 1752 556 1809 κονήσασθαι
588 1755 710 1809 Γαίῳ
740 1751 819 1809 τὴν
851 1770 902 1795 αν
907 1752 1067 1797 άθεσιν
1096 1756 1174 1797 τοῦ
1205 1749 1464 1809 ανδριάντος
1502 1752 1644 1796 πολὺν
1675 1753 1723 1796 δὲ
1753 1752 1941 1796 έσεσθαι

277 1819 428 1877 φόνον,
459 1819 562 1870 τούς
590 1837 639 1863 τε
670 1821 828 1878 φίλοις
859 1819 1092 1876 ἀναλαβών
1121 1823 1193 1864 καὶ
1225 1825 1489 1877 θεραπείαν,
1520 1820 1546 1877 η’
1577 1822 1682 1876 περὶ
1713 1815 1846 1863 αὐτὸν
1875 1817 1940 1874 ἠν,

277 1887 354 1931 επὶ
380 1883 681 1943 Τιβεριάδος
661 1892 868 1944 ηπείγετο
887 1888 1054 1945 χρῄζων
1074 1891 1341 1944 κατανοῆσαι
1372 1891 1459 1932 τῶν
1476 1885 1700 1932 Ἰουδαίων
1720 1887 1776 1931 τὰ
1798 1887 1940 1943 πράγ-

275 1973 395 2010 ματα
425 1953 486 2006 ὥς
516 1955 620 2009 ἔχοι.
680 1957 751 1998 καὶ
778 1952 982 1999 Ἰουδαῖοι
1011 1959 1148 2011 μέγαν
1180 1953 1410 2013 ἡγούμενοι
1439 1955 1516 1999 τὸν
1548 1955 1592 1998 ἐκ
1612 1958 1691 1999 τοῦ
1711 1954 1827 2010 πρὸς
1843 1951 1941 1998 Ῥω-

274 2028 435 2078 μαίους
474 2025 672 2077 πολέμου
711 2025 930 2074 κίνδυνον,
969 2023 1083 2066 πολῖ-
1125 2024 1304 2077 μείζοιά
1345 2025 1390 2067 δὲ
1431 2029 1649 2080 κρίνοντες
1678 2023 1755 2066 τὸν
1787 2023 1831 2066 ἐκ
1861 2024 1938 2065 τοῦ

390 2151 409 2192 3
437 2150 501 2183 269
527 2164 570 2176 =
596 2147 842 2183 bell.1ud.11
871 2150 943 2182 1¹³2

388 2213 788 2284 ΑΜΨΕΕαῐΖοηαναε
812 2247 828 2281 Ι
852 2258 887 2293 p.
914 2250 991 2283 497.

391 2310 404 2339 1
433 2302 689 2352 *βουλεύματι
707 2304 753 2338 W
845 2301 929 2345 κᾶν]
956 2305 1011 2339 ed.
1038 2316 1092 2349 pr.
1118 2306 1182 2339 καὶ
1206 2303 1299 2347 AW,
1324 2314 1391 2339 om.
1417 2303 1490 2338 ME
1585 2306 1604 2337 2
1630 2299 1651 2339 ὁ
1678 2300 1798 2350 λόγοσ
1824 2297 1940 2341 οὗτοσ

275 2367 319 2397 tr.
337 2361 460 2397 MWE
532 2365 596 2398 νῦν
619 2361 707 2396 ΜΨ
779 2365 798 2394 5
825 2355 924 2397 οἱῖτω
943 2361 1064 2395 ΜΨΕ
1137 2363 1157 2394 6
1182 2357 1260 2402 τὰς]
1287 2363 1353 2396 τοῦ
1371 2360 1403 2395 Ε
1473 2359 1626 2402 *Γαΐοιῦ
1648 2360 1807 2396 caesaris
1823 2360 1895 2396 Lat

277 2423 294 2452 ἰ’
325 2421 432 2460 θεοῦ]
458 2419 604 2463 θειῦΙτε,
628 2421 709 2455 θεῶ
734 2419 864 2463 suppl„
890 2431 931 2454 τε
955 2429 999 2452 ex
1028 2420 1077 2453 θυ
1100 2417 1148 2458 (h.
1175 2427 1205 2452 e.
1234 2419 1340 2453 θεοῦ)
1364 2426 1457 2451 corr.
1484 2418 1516 2452 A
1541 2410 1584 2453 οὗ
1610 2416 1696 2450 ΜΨ
1811 2413 1939 2464 α’ρετῇ]

275 2477 338 2511 καὶ
363 2471 478 2521 α’ρετῆ
504 2477 579 2510 (καὶ
604 2476 737 2520 suppl.)
760 2477 792 2510 A
908 2476 927 2509 8
953 2471 1159 2520 προγόνων
1182 2493 1224 2499 -
1253 2470 1458 2520 ἡμετέρων]
1484 2470 1622 2510 πόνοισ
1646 2476 1724 2509 τῶν
1748 2469 1941 2520 ἡμετέρων

275 2528 515 2579 πρωγόνων]
539 2550 546 2558 -
569 2551 575 2557 -
598 2550 606 2558 ·
633 2532 656 2566 i.
680 2542 752 2566 ras.
776 2541 822 2566 m.
850 2533 869 2565 2
895 2532 927 2565 A
1016 2534 1054 2564 10
1080 2526 1229 2572 *αὖτοὶ]
1255 2525 1385 2566 αῦτονὶ
1409 2530 1496 2565 ΜΨ
1570 2533 1610 2564 12
1635 2527 1758 2576 τύχας]
1783 2530 1806 2567 i.
1829 2540 1938 2575 marg.

275 2602 321 2634 γρ
348 2586 523 2634 ψυχάσΑ
593 2589 777 2634 πατρίων]
802 2598 847 2622 ex
871 2598 963 2622 corr.
990 2589 1022 2621 A
1048 2588 1210 2633 πατρίωι
1233 2589 1279 2622 A*
1306 2589 1455 2634 πατρίω
1481 2586 1568 2622 MW
1593 2587 1683 2632 [eyes
1707 2592 1854 2622 nostrae
1868 2587 1941 2622 Lat

278 2648 317 2679 14
344 2645 398 2687 τε]
424 2657 465 2690 γε
492 2644 696 2687 Holwerda‚
721 2655 788 2679 om.
814 2643 961 2679 Bekker
1034 2647 1070 2678 Π
1098 2642 1149 2685 ὡς
1174 2663 1214 2668 -
1244 2646 1284 2678 18
1310 2643 1669 2690 προσποιουμένοις]
1693 2643 1792 2689 quod
1815 2644 1940 2678 timore

275 2708 563 2746 transqressores
589 2701 678 2747 leqis
701 2701 884 2744 elfice'mur
907 2700 980 2735 Lat
1105 2696 1154 2735 δι’
1180 2696 1286 2743 αὐτὸ]
1312 2700 1368 2735 ed.
1386 2711 1439 2745 pr.
1466 2695 1515 2735 δι’
1541 2695 1666 2736 αὐτῶν
1690 2701 1722 2734 A
1747 2694 1797 2736 δι’
1822 2695 1940 2737 αὐτὸν

275 2756 362 2791 ΜΨ
387 2757 457 2793 δέει
484 2753 609 2793 αὐτῶν
635 2757 776 2801 Cocceji
892 2759 959 2793 τοῦ
985 2754 1105 2800 νόμου
1130 2756 1217 2791 ΜΨ
1334 2759 1374 2792 19
1398 2757 1543 2803 γίνοιτο
1569 2757 1601 2790 A
1627 2755 1776 2801 γένοιτο
1802 2756 1850 2791 Ψ

276 2816 317 2847 20
342 2815 591 2860 *δυσκίνητον
614 2813 700 2849 ΜΨ
727 2814 936 2848 inmutabile
957 2813 1173 2858 firmumque
1198 2813 1268 2847 Lat
1349 2815 1385 2848 2¹
1417 2808 1531 2858 α’,ιιαχὶ
1556 2812 1679 2847 ΜΨΕ
1749 2812 1938 2859 γενέσθαι]

276 2873 608 2917 παραγεγενῆσθαι
635 2870 672 2904 Μ
698 2872 985 2916 παραγενῆσθαι
1011 2869 1057 2903 Ψ
1082 2866 1306 2916 γενήσεσθαι
1335 2869 1367 2904 Ε
1467 2870 1758 2905 διακονίσασθαι
1783 2868 1871 2903 MW

275 2928 318 2961 22
344 2928 397 2962 τῶ
421 2925 515 2972 γαίω
541 2927 627 2961 ΜΨ
744 2929 786 2961 24
811 2923 1076 2973 *τιβερειάδοσ
1100 2926 1146 2960 Ψ
1248 2927 1392 2972 χρῇζον
1416 2925 1462 2960 Ψ
1579 2927 1619 2959 25
1647 2922 1719 2971 ἔχει
1746 2925 1778 2960 Ε
1870 2921 1939 2962 τὸν

275 2982 317 3018 ἐκ
341 3003 382 3008 --
410 2984 451 3016 26
475 2985 672 3028 κρίνοντες
696 2982 805 3018 iterat
829 2982 876 3017 W
970 2985 1011 3017 26
1037 2983 1074 3017 δὲ
1098 2984 1256 3027 μείζονα
1280 2986 1324 3017 tr.
1352 2983 1389 3016 M
