2074 3392
269 209 351 248 242
715 210 879 255 ANTIQ.
903 211 1000 247 IUD.
1024 211 1112 247 XIX
1139 215 1315 249 180—187
1340 215 1388 256 (ιι.
1405 219 1434 250 2.
1451 216 1483 257 3)

156 325 233 367 181
267 327 340 368 καὶ
371 324 420 369 τὸ
454 322 569 380 πρὸς
599 320 725 366 οὐδὲν
755 326 843 366 τῶν
875 323 1012 382 ἐκείνῃ
1034 326 1292 380 θελομένων
1323 323 1553 384 ἀντιλογίᾳ
1580 326 1825 383 χριόμενον·
1856 332 1933 387 τῆς

266 391 349 448 γάρ
382 390 554 449 εἰρήνης
583 394 661 435 τοῦ
691 393 883 448 τερπνοῦ
913 389 1165 449 ἡσσώμενοι
1194 395 1267 437 καὶ
1297 393 1609 451 μεμαθηκότες
1640 389 1933 451 ἀνδραπόδων

267 459 312 502 ἐν
350 458 506 516 τρόπῳ
547 459 620 518 ζῆν
659 457 825 504 ὁπόσοι
864 476 913 503 τε
952 459 1169 516 ἐπαΐομεν
1208 462 1443 519 συμφορὰς
1482 458 1745 520 ἀνηκέστους
1785 473 1934 516 κακοῖς
1982 473 2003 477 “
2044 461 2046 503 ἰ

265 543 314 569 τε
352 535 447 578 τοῖς
484 529 626 579 πέλας
664 526 900 583 ἐπείδομεν
940 527 1069 584 φόβῳ
1113 530 1192 571 τοῦ
1236 525 1333 583 μετ’
1371 525 1527 586 ἀρετῆς
1570 530 1778 573 τελευτᾶν
1821 531 1933 585 μετὰ

155 597 234 637 182
269 594 474 654 αἰσχύνης
502 598 581 653 τῆς
608 593 800 653 ὖστάτης
829 593 1128 650 ὑπομένοντες
1164 595 1246 646 τὰς
1274 597 1494 648 τελευτάς.
1554 599 1734 653 πρῶτον
1765 597 1814 641 δὲ
1841 607 1935 652 τοῖς
1981 623 1984 638 e
2043 638 2046 666 ἶ

267 657 505 719 ἀραμένοις
534 663 612 707 τὸν
641 663 854 720 τύραννον
883 662 1018 718 τιμὰς
1049 663 1215 714 αἵτινες
1244 667 1448 720 μέγισται
1478 664 1642 716 ταύτας
1663 664 1932 722 εἰσενεγκεῖν,

264 730 461 784 μάλιστα
493 731 540 774 δὲ
570 735 748 789 Χαιρέᾳ
778 734 842 787 τῷ
871 734 1081 787 Κασσίῳ·
1114 730 1192 774 σὺν
1212 730 1295 787 γὰρ
1316 741 1410 784 τοῖς
1430 736 1560 784 θεοῖς
1591 732 1654 784 εἷς
1676 729 1785 790 ἀνὴρ
1807 729 1935 786 οὗτος

154 800 233 842 183
266 797 484 855 ποριστὴς
519 797 624 857 ἡμῖν
659 801 732 842 καὶ
770 798 917 855 γνώμῃ
958 799 1033 841 καὶ
1059 801 1186 855 χερσὶ
1216 801 1294 856 τῆς
1325 799 1582 857 ἐλευθερίας
1611 804 1824 858 πέφηνεν.
1883 797 1934 846 οὗ

1001 865 1014 880 2

263 865 398 910 καλὸν
429 865 487 923 μὴ
531 863 819 924 ἀμνημονεῖν,
860 862 960 908 ἀλλ)
996 867 1073 910 επὶ
1111 869 1189 924 τῆς
1227 868 1484 923 τυραννίδος
1524 866 1636 926 ὑπὲρ
1676 867 1935 926 ἐλευθερίας
1979 925 1981 929 ¹
2043 881 2046 920 ζ

263 950 340 990 της
378 931 595 990 ἦμετέρας
635 933 1067 989 προβεβουλευκότος
1111 951 1160 977 τε
1203 930 1295 990 άμα
1339 937 1413 978 καὶ
1457 935 1966 992 προκεκινδυνευκότος,

263 1001 340 1044 ἐπὶ
370 1004 448 1060 τῆς
478 1001 738 1057 ἐλευθερίας
758 1005 1062 1060 ψηφίσασθαι
1081 1001 1161 1052 τὰς
1181 1001 1315 1057 τιμὰς
1336 1002 1516 1057 πρωτόν
1545 1020 1593 1046 τε
1614 999 1935 1057 ἀνεπιτάκτους

153 1073 232 1113 184
264 1071 397 1112 τοῦτο
419 1063 471 1112 άν
495 1065 840 1128 ἀποφήνασθαι.
892 1069 1017 1148 έργον
1040 1069 1087 1112 δὲ
1107 1069 1344 1114 κάλλιστον
1373 1073 1447 1114 καὶ
1472 1070 1726 1127 ἐλευθέροις
1748 1068 1936 1127 ἀνδράσι

262 1140 439 1192 πρέπον
471 1133 746 1193 ἀμείβεσθαι
776 1154 879 1188 τους
911 1134 1160 1194 εὐεργέτας,
1201 1137 1294 1189 οἷος
1335 1137 1385 1196 δὴ
1427 1140 1501 1182 καὶ
1533 1135 1641 1197 ἀνὴρ
1672 1143 1800 1190 οὗτος
1829 1141 1936 1196 περὶ

261 1201 379 1261 ἡμᾶς
408 1205 582 1256 πάντας
610 1209 784 1262 γέγονεν
816 1201 942 1248 οῦδὲν
973 1205 1293 1263 παραπλήσιος
1313 1210 1502 1264 Κασσίῳ
1532 1209 1604 1250 καὶ
1627 1206 1811 1263 Βρούτῳ
1841 1216 1936 1260 τοῖς

262 1272 400 1316 Γάιον
426 1269 615 1317 Ἰούλιον
647 1270 932 1331 ἀνῃρηκόσιν,
973 1273 1074 1317 ἐπεί
1113 1291 1161 1330 γε
1200 1274 1243 1317 οἱ
1283 1274 1363 1329 μὲν
1395 1275 1593 1326 στάσεως
1623 1276 1696 1318 καὶ
1727 1275 1936 1330 πολέμων
1996 1281 1998 1283 ’

263 1339 491 1398 ἐμφυλίων
523 1337 659 1398 ἀρχὰς
690 1340 1046 1398 ἐπανερρίπισαν
1076 1344 1130 1399 τῇ
1160 1342 1314 1395 πόλει,
1355 1338 1484 1394 οὗτος
1523 1343 1571 1386 δὲ
1607 1342 1721 1398 μετὰ
1751 1345 1830 1400 τῆς
1857 1360 1933 1386 τυ-
1960 1372 1963 1378 Α

234 1439 237 1441 -
263 1412 574 1465 ραννοκτονίας
603 1411 677 1452 καὶ
706 1411 795 1452 τῶν
819 1408 1027 1453 ἐντεῦθεν
1059 1410 1214 1454 δεινῶν
1247 1406 1501 1467 ἀπήλλαξεν
1529 1410 1610 1469 τὴν
1641 1410 1820 1455 πόλιν.“

150 1480 230 1520 185
375 1480 415 1519 3.
475 1479 654 1528 Σέντιος
683 1478 763 1532 μὲν
794 1477 1016 1529 τοιούτοις
1047 1477 1198 1535 ἐχρῆτο
1229 1487 1324 1529 τοῖς
1355 1478 1502 1535 λόγοις
1531 1481 1604 1522 καὶ
1633 1481 1722 1522 τῶν
1751 1479 1934 1534 βουλευ-
1960 1486 1963 1506 ⁷

259 1547 347 1587 τῶν
378 1541 513 1602 ἡδονῇ
545 1545 789 1600 δεχομένων
827 1548 902 1589 καὶ
941 1543 1107 1589 ὁπόσοι
1145 1548 1234 1589 τῶν
1267 1546 1445 1590 ἱππέων
1476 1549 1698 1625 παρῆσαν.
1759 1542 1933 1604 ἀναπη-
1966 1566 1969 1571 ⁴
2021 1549 2026 1553 ”

262 1613 399 1671 δήσας
431 1613 478 1656 δέ
507 1629 576 1663 τις
613 1615 875 1669 Τρεβέλλιος
906 1613 1122 1669 Μάξιμος
1153 1623 1455 1671 περιαιρεῖται
1485 1614 1563 1657 τὸν
1594 1614 1826 1658 δακτύλιον
1856 1616 1934 1658 τοῦ
1957 1641 1964 1651 κ

259 1684 463 1734 Σεντίου,
505 1682 638 1732 λίθος
677 1681 724 1724 δὲ
763 1681 912 1725 εἰκόνα
952 1684 1091 1726 Γαίου
1131 1681 1472 1739 ἐγγεγλυμμένος
1511 1682 1768 1737 ἐδεσμεύετο
1801 1678 1931 1740 αὐτῷ,

258 1750 331 1792 καὶ
365 1749 540 1806 σπουδῃ
576 1751 664 1792 τῶν
705 1751 950 1806 λεγομένων
991 1752 1062 1794 καὶ
1103 1753 1162 1793 ιῦν
1197 1750 1373 1794 ἐπενόει
1413 1749 1621 1807 πράξειν,
1663 1745 1775 1806 όπερ
1806 1747 1931 1806 ᾤετο,

150 1818 230 1860 186
262 1816 306 1860 ἐν
338 1816 455 1873 λήθη
487 1817 686 1899 γεγονότι
719 1834 741 1857 »κ
772 1819 846 1860 καὶ
876 1815 901 1875 ἡ
933 1818 1014 1872 μὲν
1043 1817 1186 1876 γλυφὴ
1218 1819 1498 1874 κατάγνυται.
1550 1817 1853 1901 προεληλύθει
1884 1817 1932 1861 δὲ

260 1901 283 1941 η
260 1881 442 1935 ννυξ’
425 1886 500 1927 επὶ
531 1888 656 1941 μέγα,
687 1886 761 1928 καὶ
783 1889 986 1941 Χαιρέας
1017 1886 1064 1928 δὲ
1095 1895 1277 1943 σημεῖον
1306 1884 1403 1943 ἤτει
1433 1903 1535 1937 τοις
1564 1883 1776 1938 ὗτάτους,
1809 1886 1853 1928 οἱ
1883 1885 1932 1929 δὲ

261 1951 521 2008 ἐλευθερίαν
561 1952 734 1995 ε’.δοσαν
796 1951 840 1996 ἐν
877 1953 1081 2008 θαύματι
1121 1953 1167 1996 δὲ
1198 1971 1249 2011 ην
1283 1950 1432 2004 αἱτοῖς
1469 1955 1542 1996 καὶ
1573 1948 1708 2008 όμοια
1739 1948 1930 2010 ἀπιστίᾳ
1975 2008 1977 2010 v

149 2023 227 2064 187
259 2019 315 2062 τὰ
347 2019 573 2075 δρώμενα·
606 2020 695 2064 ἔτει
723 2020 807 2077 γὰρ
836 2020 1072 2078 ἕκατοστιῦ,
1103 2016 1212 2076 μεθ>
1239 2020 1263 2064 ὃ
1294 2024 1372 2078 τήν
1395 2021 1692 2078 δημοκρατίαν
1722 2019 1771 2064 τὸ
1804 2023 1930 2078 πριῦ-

373 2133 532 2169 ΑΜΨΕ
545 2134 615 2170 Lat

372 2194 392 2226 2
417 2185 623 2237 ἡσσόμενοι
640 2191 680 2226 Μ
750 2193 769 2225 3
794 2193 878 2236 post
900 2193 967 2236 ζῆν
983 2191 1152 2227 lacunam
1178 2192 1306 2227 statuit
1322 2191 1481 2227 Dindorf
1550 2187 1691 2228 ὁπόσοι
1717 2204 1759 2228 τε
1783 2202 1931 2238 corrup·
1970 2228 1974 2238 ,

257 2250 333 2284 tum
402 2246 601 2292 ἐπαΐομεν]
625 2248 649 2282 i.
667 2258 779 2293 marg.
798 2261 846 2295 γρ
862 2245 1061 2292 ἐπάθομεν
1077 2250 1110 2283 Α
1134 2249 1360 2283 incurrentes
1383 2249 1454 2284 Lat
1523 2246 1622 2285 κακά
1648 2261 1690 2285 τε
1714 2251 1792 2285 τῶν
1815 2249 1932 2292 πέλας

258 2305 411 2340 Hudson
482 2308 503 2339 4
525 2305 621 2348 μετὰ
647 2304 735 2339 ΜΨ
807 2309 825 2339 5
850 2300 1094 2349 ὑπομένομεν
1119 2305 1264 2340 Bekker
1334 2305 1385 2349 δὲ]
1411 2305 1449 2341 δὲ
1474 2307 1531 2341 δεῖ
1552 2304 1712 2340 Dindorf
1800 2307 1821 2340 6
1845 2301 1930 2343 ταύ-

259 2374 345 2397 ταισ
370 2360 458 2395 ΜΨ
575 2364 594 2396 9
620 2359 727 2406 ὑπὲρ]
752 2356 818 2398 ὑπ’
842 2360 932 2396 ΜΨ
1061 2365 1098 2396 11
1127 2358 1206 2404 τὰς]
1232 2359 1304 2398 τάσ
1329 2375 1369 2398 τε
1387 2361 1474 2396 ΜΨ
1617 2364 1656 2396 12
1681 2355 1930 2408 ἀπεφήνασθε

257 2417 346 2453 ΜΨ
441 2413 623 2464 ἀνδράσιν
647 2417 693 2451 W
790 2420 830 2453 14
855 2415 1132 2465 παραπλήσιος]
1159 2419 1252 2454 coni.
1278 2419 1558 2465 παραπλησίωσ
1581 2418 1686 2453 codd.
1708 2417 1838 2453 similis
1859 2417 1931 2456 Lat

374 2477 413 2508 15
431 2472 516 2510 ἐπεί
532 2487 575 2521 γε
593 2485 660 2510 om.
678 2475 701 2510 i.
718 2485 830 2521 marg.
849 2475 967 2520 suppl.
986 2475 1025 2509 M
1120 2478 1161 2509 1ss
1186 2470 1311 2521 άρχὰσ
1327 2473 1520 2521 ἐμφυλίων
1536 2477 1580 2509 tr.
1598 2475 1638 2509 M
1719 2476 1759 2510 18
1777 2474 1930 2522 σέρτιοσ

256 2543 301 2568 ex
319 2541 411 2568 corr.
435 2533 469 2566 A
541 2533 582 2564 20
613 2531 848 2578 Τρεβέλλιος]
875 2531 1057 2566 trebellius
1078 2531 1149 2568 Lat
1174 2532 1420 2579 στρεβέλλιοσ
1444 2531 1548 2566 codd.
1644 2533 1684 2566 21
1711 2532 1864 2576 σερτίου
1883 2540 1930 2567 ox
1976 2522 1978 2527 ’

257 2598 350 2623 corr.
369 2589 402 2622 A
471 2585 708 2631 ἐδεσμεύετο]
725 2588 748 2622 i.
767 2599 878 2632 marg.
896 2602 944 2634 γρ
961 2586 1224 2632 ἐιέδεσμεύετο
1252 2591 1283 2624 Α
1360 2592 1401 2623 22
1426 2590 1488 2624 καὶ
1515 2589 1659 2633 σπουδῇ
1683 2607 1727 2613 -
1754 2589 1796 2622 23
1820 2599 1928 2634 γεγο-

259 2643 351 2686 νότι]
369 2655 473 2690 quem
492 2644 552 2678 ille
568 2644 708 2679 sibimet
724 2645 845 2679 studio
863 2644 1007 2680 (licendi
1024 2656 1118 2691 quae
1134 2645 1309 2680 suadebat
1326 2645 1472 2690 impleri
1485 2645 1610 2689 fuerat
1629 2644 1761 2679 oblitus
1777 2644 1927 2689 auferro

258 2701 328 2736 Lat
420 2703 508 2742 τῶν]
535 2700 576 2737 τὲ
599 2701 688 2736 ΜΨ
793 2698 923 2747 πράξει
950 2701 1038 2736 MW
1132 2704 1173 2736 23
1199 2699 1308 2748 λήθῃ]
1340 2697 1475 2748 ἀληθεῖ
1496 2701 1583 2735 ΜΨ
1685 2698 1926 2748 κατάγνυται]
1984 2744 1995 2756 ⁴

255 2756 354 2793 κατά
371 2777 377 2782 ·
397 2777 404 2783 ·
424 2776 430 2783 ·
447 2770 577 2803 γνυται
602 2759 634 2792 Α
657 2755 939 2804 καταπήγνυται
958 2757 1045 2792 ΜΨ
1069 2762 1123 2793 est
1147 2759 1274 2804 aquila
1290 2758 1361 2794 Lat
1431 2761 1474 2793 24
1499 2757 1625 2793 *αἰτεῖ
1648 2756 1735 2792 ΜΨ
1807 2753 1928 2794 *robe

255 2811 439 2856 ἑπάτουσ,
463 2826 486 2849 σ
509 2813 619 2849 finale
643 2814 666 2848 i.
692 2825 777 2855 ras..
801 2814 823 2850 i.
842 2825 951 2859 marg.
969 2827 1017 2861 γρ
1042 2811 1135 2850 τοὺσ
1159 2811 1225 2850 ὑπ’
1253 2810 1370 2850 αὐτοῦ
1393 2817 1424 2850 A
1495 2817 1536 2849 25
1563 2814 1612 2853 δὲ]
1639 2827 1677 2850 τε
1696 2814 1729 2848 Ε
1799 2807 1926 2858 ὅμοια]

257 2867 349 2913 ὁμία
368 2871 406 2904 Μ
426 2866 542 2914 ὁμοία
561 2870 608 2904 W
679 2873 721 2905 26
747 2868 821 2907 ἔτει
846 2869 920 2918 γὰρ
939 2891 979 2896 -
999 2874 1078 2914 243,
1098 2875 1112 2907 1
1140 2869 1361 2917 παράδοσις]
1387 2871 1473 2916 qnia
1499 2882 1646 2905 rem-rsa
1673 2871 1855 2906 uelleretur
1878 2868 1927 2905 ad

257 2926 420 2960 consules
440 2926 528 2961 haec
548 2931 717 2972 potestas
733 2927 805 2963 Lat
874 2925 948 2964 ἔτει
965 2925 1039 2974 γὰρ
1057 2927 1267 2977 ἑκατοστῷ]
1293 2928 1450 2963 Thomas
1469 2927 1582 2973 Terry
1599 2925 1650 2963 ἔτι
1670 2924 1744 2973 γὰρ
1760 2925 1926 2964 ἕκαστοσ

255 2985 309 3018 τῶ
328 2984 371 3023 (ὦ
395 2982 433 3016 in
458 2985 502 3017 ιῦι
521 2993 611 3018 corr.
637 2985 683 3023 A)
709 2985 812 3019 codd.
883 2982 995 3028 μεθὸ,
1021 2985 1043 3020 i.
1062 2995 1172 3029 marg.
1198 2998 1245 3031 γρ
1270 2986 1337 3020 τοῦ
1361 2979 1453 3028 μεθ’
1481 2979 1502 3019 ὃ
1527 2986 1559 3019 A
