2074 3392
268 174 349 213 136
677 174 840 219 ANTIQ.
863 174 960 210 ml).
984 175 1089 210 XVII
1113 178 1293 211 348-354
1317 178 1403 219 (xm.
1420 178 1520 220 3—5)

268 288 291 331 ὂ
331 287 381 331 τὸ
423 289 603 343 πρῶτον
643 282 776 330 αὐτοῦ
812 285 837 343 ἡ
879 284 988 341 ὄψις
1011 283 1237 345 Ἀρχελάῳ
1277 290 1494 344 συνῆλθεν
1525 286 1548 332 ὅ
1582 284 1932 345 ἀνακαλούμενος

263 351 498 410 Ἀρχέλαος
528 353 736 410 πεμπτὸς
767 354 830 404 εἷς
853 350 1070 398 Ἰουδαίαν
1102 352 1299 414 ἀφίκετο.

155 425 237 466 349
381 427 420 465 4.
478 422 786 479 Παραπλήσια
808 423 855 465 δὲ
875 423 949 465 καὶ
971 423 1185 481 Γλαφύρᾳ
1214 441 1265 480 τη
1296 425 1467 505 γυναικὶ
1499 419 1633 467 αἰτοῦ
1654 425 1933 482 συντυγχάνει
1973 423 1980 428 ’

267 490 488 544 βασιλέως
511 485 747 545 Αρχελάου
777 491 970 546 θυγατρὶ
1001 487 1130 547 οὔσῃ,
1171 509 1197 547 η
1236 493 1310 534 καὶ
1345 491 1560 573 πρότερον
1591 489 1719 536 εἶπον
1750 493 1934 549 συνώκει

268 560 499 612 παρθένον
531 557 678 612 λαβών
694 553 986 614 Ἀλέξανδρος
1002 555 1200 613 Ἡρώδου
1230 558 1308 611 μὲν
1339 558 1435 609 υἱὸς
1460 557 1696 614 Ἀρχελάου
1729 555 1770 602 δ
1807 556 1983 604 αδελ-Ξὶ

270 623 369 682 φός.
430 624 529 668 ἐπεὶ
571 625 618 667 δὲ
656 629 890 680 συμβαίνει
927 624 1005 668 τὸν
1030 621 1321 682 Ἀλέξανδρον
1350 623 1439 669 ὑπὸ
1479 629 1556 670 τοῦ
1587 626 1759 683 πατρὸς
1787 629 1934 672 τελευ-

156 695 237 736 350
267 694 414 749 τῆσαι,
439 688 558 750 Ἰόβᾳ
587 695 650 749 τῷ
670 692 859 747 Λιβύων
888 693 1065 747 βασιλεῖ
1092 701 1310 749 γαμεῖται,
1340 695 1640 748 μεταστάντος
1671 695 1719 738 δὲ
1743 697 1822 738 τοῦ
1842 699 1936 739 Λί-

267 763 374 814 βυος
399 760 670 817 χηρεύουσαν
700 759 744 803 ἓν
766 760 1074 817 Καππαδοκίᾳ
1104 759 1229 816 παρὰ
1258 763 1322 816 τῷ
1352 764 1489 818 πατρὶ
1516 758 1753 818 Ἀρχέλαος
1783 759 1937 819 ἄγεται

267 826 346 885 τὴν
378 830 594 870 συνοῦσαν
633 823 752 883 αύτῷ
782 827 1066 885 ΙΙΙαριάμμην
1106 828 1321 883 ἐκβαλών·
1359 829 1546 873 τοσόσδε
1582 833 1660 888 τῆς
1698 830 1936 888 Γλαφύρας

157 898 234 939 351
270 890 540 950 ἀνέστρεψεν
571 894 694 950 ἔρως.
753 896 826 938 καὶ
858 898 1119 939 συνοικοῦσα
1148 898 1212 952 τῷ
1237 891 1462 954 ἶΑρχελάῳ
1490 897 1666 941 τοιόνδε
1695 894 1803 953 ι’)’ναρ
1824 900 1938 941 θεᾶ-
1967 906 2007 945 ω

268 975 364 1005 ται·
397 962 538 1006 ἐδόκει
567 962 645 1005 τὸν
670 959 961 1019 Ἁλέξανδρον
984 963 1228 1007 ἐπιστάντα
1248 967 1506 1022 θεασαμένη
1525 970 1694 1021 χαίρειν
1715 967 1789 1008 καὶ
1810 982 1938 1020 περι-

268 1029 448 1085 βάλλειν
486 1030 754 1085 προθύμως,
795 1030 872 1074 τὸν
911 1031 958 1074 δὲ
996 1032 1282 1087 κατάίιιεμψίν
1323 1049 1371 1075 τε
1410 1027 1543 1089 αῧτῆς
1579 1037 1820 1077 ποιεῖσθαι
1864 1035 1938 1077 καὶ

158 1102 238 1142 352
271 1097 433 1155 φάναι·
472 1098 735 1156 ,,Γλαφύρα,
777 1108 1029 1155 συνηγορεῖς
1069 1097 1155 1156 ἄρα
1195 1099 1331 1156 λόγῳ,
1369 1099 1418 1150 ὃς
1449 1097 1620 1144 ἄπιστα
1650 1101 1794 1158 ἔλεγεν
1825 1099 1939 1145 εἶναι

268 1166 484 1222 γυναιξίν,
531 1166 570 1209 εἰ
610 1167 895 1221 συνομόσασά
933 1170 981 1210 τέ
1018 1184 1096 1222 μοι
1135 1170 1209 1211 καὶ
1250 1171 1670 1224 συγκατοικισθεῖσα
1709 1171 1940 1225 παρθένος

270 1234 448 1277 παίδων
476 1231 581 1291 ἡμῖν
609 1234 850 1290 γεγονότων
882 1235 998 1292 λήθῃ
1027 1236 1290 1291 παραδίδως
1321 1235 1487 1291 ἔρωτας
1520 1235 1625 1286 τοὺς
1644 1235 1773 1292 ἐμοὺς
1795 1238 1942 1281 δευτέ-
1971 1245 2009 1285 1}

271 1318 359 1357 ρων
390 1301 615 1359 ἐπιθυμίᾳ
644 1301 809 1358 γάμων.
870 1302 1094 1360 πληθώρα
1134 1303 1181 1345 δέ
1212 1318 1284 1346 σοι
1315 1299 1410 1346 οὐδ’
1447 1299 1586 1355 οἱῗτως
1617 1304 1795 1361 ὕβρεως,
1828 1301 1940 1348 ἀλλὰ

269 1371 344 1412 καὶ
372 1373 521 1425 τρίτον
545 1368 790 1427 ἐτόλμησας
821 1372 959 1427 σαυτῇ
991 1372 1374 1425 παρακατακλῖναι
1403 1376 1593 1430 νυμφίον
1622 1369 1839 1429 ἆπρεπιῦς
1867 1374 1942 1417 καὶ

272 1432 570 1491 ἀναισχύντως
600 1436 862 1481 ἐπεισιοῦσα
894 1438 1000 1494 οἴκῳ
1032 1441 1095 1494 τῷ
1121 1437 1226 1495 ἐμῷ,
1257 1441 1330 1482 καὶ
1351 1439 1491 1495 γάμον
1513 1444 1804 1499 συντιθεμένη
1827 1440 1942 1496 πρὸς

159 1511 239 1550 353
266 1499 503 1561 Ἀρχέλαον
535 1501 673 1561 ἄνδρα
703 1505 782 1560 μὲν
813 1508 1000 1562 σεαυτῆς
1023 1501 1217 1564 ἀδελφὸν
1240 1507 1287 1550 δὲ
1307 1504 1530 1564 ἡμέτερον.
1578 1504 1676 1553 ἀλλ’
1711 1504 1787 1552 ούκ
1808 1508 1942 1565 ἔγωγε

271 1572 416 1630 λήθην
438 1573 690 1631 ποιήσομαι
711 1569 884 1624 εὐνοίας
904 1576 982 1630 τῆς
1012 1576 1103 1631 σῆς,
1137 1570 1380 1626 ἀπαλλάξω
1404 1576 1451 1618 δέ
1472 1592 1521 1619 σε
1541 1575 1710 1627 παντὸς
1730 1579 1809 1619 τοῦ
1830 1572 1943 1620 ὄνει-
1970 1583 2008 1621 2

272 1640 471 1691 διοῦντος
511 1639 617 1698 ἐμὴν
657 1640 809 1697 ὥσπερ
846 1633 898 1699 ἦν
936 1642 1417 1697 κατασκευασάμενοςέ(
1474 1646 1613 1687 ταῦτα
1648 1644 1942 1702 διηγησαμένη

271 1708 387 1764 πρὸς
406 1708 487 1760 τὰς
504 1709 714 1766 συνήθεις
733 1712 822 1752 τῶν
836 1712 1052 1766 γυναικῶν
1067 1706 1162 1765 μετ’
1185 1706 1337 1766 ὀλίγας
1360 1709 1522 1769 ἡμέρας
1541 1713 1721 1770 τελευτᾷ
1736 1711 1814 1756 τὸν
1828 1715 1942 1767 βίον.

161 1782 243 1824 354
389 1782 428 1820 5.
482 1773 586 1833 Ἐγώ
628 1778 675 1821 δὲ
717 1795 792 1820 ουκ
833 1774 1046 1833 αλλότρια
1087 1782 1272 1832 νοιιίσας
1304 1775 1415 1822 αυτὰ
1444 1780 1560 1836 τῳδε
1588 1783 1652 1836 τιιῖ
1683 1779 1797 1836 λόγῳ
1828 1777 1944 1824 εἶναι

274 1844 348 1888 διὰ
379 1845 428 1888 τὸ
463 1847 565 1900 περὶ
596 1848 684 1889 τῶν
714 1847 936 1901 βασιλέων
969 1842 1101 1889 αυτὸν
1133 1845 1408 1904 ἐνεστηκέναι
1437 1849 1510 1890 καὶ
1532 1845 1715 1898 ι’ἶλλως’
1697 1849 1774 1891 επὶ
1795 1864 1943 1903 παρα-

387 1948 407 1989 ς
434 1948 499 1981 348
524 1964 568 1976 =
592 1947 674 1982 ben
701 1948 781 1981 Iud.
806 1948 840 1981 11
869 1951 943 1984 113

387 2014 817 2073 PAMWELatZonaras
841 2038 859 2072 Ι
882 2048 918 2082 p.
943 2041 1020 2073 473.

388 2096 408 2127 2
434 2089 610 2140 ἄφίκετο]
635 2090 709 2130 ὑπὸ
727 2095 920 2141 καίσαροσ
943 2089 1104 2139 ιῖφίκετο
1122 2094 1353 2130 AMWELat
1446 2098 1464 2129 3
1491 2093 1745 2141 συντυγχάνει]
1771 2093 1944 2142 τυγχάνει

273 2150 391 2185 ΑΨΕ
416 2152 612 2196 συμβαίνει
637 2151 676 2185 Μ
747 2154 766 2185 4
792 2153 814 2197 ἦ
838 2171 883 2176 -
909 2153 927 2184 5
954 2146 1200 2198 Αλέξανδρος]
1227 2148 1248 2198 ἢ
1275 2148 1469 2197 πρότερον
1494 2149 1653 2187 συώκει
1678 2147 1894 2199 ιιλεξάνδρω
1911 2152 1944 2188 Ε

274 2219 368 2252 (μιαε
380 2208 500 2253 primo
513 2208 606 2242 sicut
618 2218 733 2253 supra
748 2207 968 2242 ostendimus
982 2207 1038 2242 ale
1039 2210 1188 2243 oeandro
1202 2219 1239 2241 m
1254 2208 1459 2252 coninqmm
1474 2208 1615 2243 sociata
1629 2209 1824 2245 constabat
1836 2209 1908 2245 Lat

281 2266 303 2309 ξ]
326 2266 402 2306 καὶ]
427 2266 490 2300 καὶ
515 2264 562 2298 W
588 2277 644 2300 ωσ
669 2264 708 2298 Μ
733 2266 755 2310 ᾗ
779 2261 831 2307 ὡς
855 2264 911 2299 ed.
937 2275 991 2309 pr.
1064 2277 1229 2300 συνοικει
1254 2263 1283 2298 P
1367 2268 1385 2298 ἴ)
1410 2264 1449 2300 δὲ
1473 2264 1561 2299 ΜΨ
1632 2267 1652 2299 6
1677 2267 1881 2313 συμβαίνοι
1905 2267 1945 2302 Μ

275 2321 412 2367 συνέβη
430 2321 463 2355 Ε
533 2323 601 2357 τοῦ
619 2320 826 2357 0111.ΜΨΕ
897 2324 914 2354 ’ἲ
942 2322 961 2342 *
971 2317 1070 2371 Ἰόβᾳ
1087 2324 1153 2369 τῷ]
1172 2318 1318 2367 ιοβιὶτω
1331 2320 1359 2355 Ρ
1377 2321 1496 2356 iobato
1512 2321 1583 2357 Lat
1652 2316 1794 2369 *λιβύω
1811 2322 1900 2357 ΜΨ

277 2381 295 2412 8
313 2374 547 2423 *χηρεύουσα
565 2377 612 2411 W
684 2380 703 2412 9
722 2380 922 2419 συνοῦσαν]
941 2380 1192 2414 συνοικοῦσαν
1210 2377 1332 2412 ΜΨΕ
1401 2375 1594 2424 μαριάμην
1611 2377 1644 2412 Ε
1660 2380 1813 2414 mariam
1830 2379 1901 2415 Lat

276 2431 450 2475 τοσόσδε]
475 2431 637 2471 τοσόσδε
662 2429 789 2473 αύτιῦι,
814 2434 837 2468 ἰ.
855 2444 966 2478 marg.
993 2449 1039 2481 γρ
1065 2429 1183 2470 αὐτόν
1207 2435 1239 2468 A
1266 2432 1427 2470 τοσόσδε
1453 2430 1571 2470 αὐτὸν
1595 2434 1719 2470 ΜΨΕ
1795 2439 1835 2470 10
1860 2431 1944 2473 ἀνέ-

276 2494 432 2536 στρεψε]
450 2490 551 2525 illum
565 2490 829 2526 —incenderat
845 2491 917 2526 Lat
928 2487 1090 2537 ἐπέσχεν
1103 2491 1134 2525 Ε
1193 2493 1434 2533 συνοικοῦσα]
1449 2494 1612 2527 συνοῦσα
1627 2491 1749 2526 ΜΨΕ
1811 2494 1850 2528 13
1865 2493 1945 2529 *συ-

278 2545 453 2594 νηγόρεισ
466 2549 499 2582 Α
566 2551 605 2582 14
623 2547 666 2590 εἰ]
684 2543 875 2593 ἣΑΜΨΕ
937 2544 1197 2592 συνομόσασά]
1216 2545 1556 2594 συνομολογήσασά
1573 2549 1606 2582 A
1620 2546 1947 2595 συνωμολόγησάσ

277 2604 364 2638 ΜΨ
379 2601 779 2650 συνομολογησάμενοι
793 2604 825 2639 Ε
840 2605 918 2639 iure
935 2604 1090 2638 iurando
1107 2604 1305 2639 constricta
1323 2615 1360 2639 es
1374 2603 1444 2640 Lat
1505 2604 1545 2640 τέ
1559 2615 1625 2640 0111.
1639 2605 1761 2639 AMW
1825 2605 1865 2642 τὲ
1879 2618 1946 2651 μοι

277 2671 344 2696 om.
362 2661 395 2695 E
468 2663 509 2695 14
525 2662 924 2707 *συγκατοικεισθεῖσα
941 2660 970 2695 P
988 2664 1342 2697 συνκατοικισθεῖσα
1357 2660 1404 2694 W
1466 2660 1678 2706 παρθένοισ
1696 2661 1728 2695 Ε
1801 2664 1841 2696 16
1861 2657 1946 2699 οὐδὲ

279 2717 401 2752 ΜΨΕ
488 2721 525 2751 17
552 2713 665 2762 *αὐτῆ
681 2716 770 2752 ΜΨ
844 2720 884 2752 18
902 2715 1082 2754 *ἐπιοῦσα
1099 2717 1127 2752 P
1145 2716 1352 2763 inqrediens
1368 2717 1440 2752 Lat
1509 2714 1639 2763 *γάμω
1656 2736 1663 2743 ·
1685 2718 1717 2751 A
1734 2715 1844 2763 γάμω
1857 2717 1945 2753 ΜΨ

374 2777 411 2808 19
425 2771 556 2821 ἄνδρα]
575 2773 689 2821 δαέρα
701 2773 825 2809 Naber
894 2769 931 2810 δ’
949 2773 1036 2808 ΜΨ
1108 2776 1148 2808 21
1165 2767 1220 2819 ἢν]
1239 2766 1284 2819 ἧσ
1297 2773 1329 2807 Ε
1341 2773 1449 2817 suisli
1465 2773 1537 2808 Lat
1607 2775 1649 2807 24
1664 2775 1752 2815 τῶν]
1771 2771 1840 2811 τὸν
1853 2775 1901 2810 W

278 2829 523 2876 ιῖνεστηκέναι
548 2831 595 2866 W
620 2829 883 2876 συνεστηκέναι
909 2831 963 2866 ed.
982 2841 1036 2875 pr.
1108 2832 1171 2866 καὶ
1188 2828 1311 2872 ἄλλως
1333 2849 1374 2854 -
1400 2833 1473 2873 13ῖ,
1496 2833 1507 2864 l
1529 2828 1728 2876 ἐμφεροῦς]
1755 2829 1883 2866 deinde
1906 2835 1946 2866 ut

279 2887 446 2932 exemplo
465 2899 552 2921 uero
567 2887 767 2933 probentur
783 2886 904 2922 dicere
923 2887 977 2921 ille?
993 2899 1015 2922 a
1033 2887 1163 2932 quibus
1180 2886 1224 2921 (le
1241 2886 1500 2921 inmortalitate
1517 2886 1726 2932 disputatur
1742 2887 1944 2922 animarum

278 2943 350 2978 Lat
411 2946 473 2978 καὶ
491 2942 614 2986 ἄλλως
631 2965 670 2969 -—
693 2947 768 2985 1:³7,
785 2946 804 2978 2
823 2945 869 2988 τῇ
886 2939 1002 2979 αι’·τοῦ
1019 2953 1084 2978 0111.
1104 2943 1132 2978 P
1195 2941 1343 2984 κᾶλλως
1358 2942 1451 2977 coni.
1515 2939 1751 2988 παράδειγμά
1771 2956 1803 2978 τι
1821 2942 1876 2979 ed.
1890 2953 1945 2989 pr.
