2074 3392
271 203 353 242 228
745 206 909 250 ANTIQ.
931 206 1028 242 lUD.
1054 206 1142 241 XIX
1168 210 1344 242 100—107
1369 210 1403 249 (Ι.
1425 210 1478 250 14)

270 318 355 375 δρᾳ
392 318 666 373 προσπεσών
705 322 857 373 μέντοι
896 318 1086 375 προῄδει
1122 322 1252 363 τοῦτο
1293 319 1371 363 σὺν
1410 321 1565 377 πολλῷ
1594 321 1719 378 φόνῳ
1764 325 1852 367 τῶν
1890 341 1940 369 τε

268 386 517 440 βουλευτῶν
557 388 632 430 καὶ
670 383 838 430 ὁπόσοι
875 389 962 430 τῶν
1001 387 1178 430 ἱππέων
1208 389 1414 445 παρῆσαν
1444 392 1604 443 καίπερ
1637 389 1794 441 δεδιώς
1824 393 1939 447 πρό-
1976 428 1984 434 .
2026 435 2027 438 ,

269 456 416 507 θυμος
446 444 511 511 ἧν,
542 455 687 505 καλῶς
718 454 830 508 ἔχειν
859 451 1100 511 ἡγούμενος
1129 456 1269 498 πᾶσιν
1301 451 1551 512 ἀσφάλειαν
1574 458 1648 500 καὶ
1680 455 1938 515 ἐλευθερίαν

159 522 236 562 101
271 515 516 575 ὠνούμενος
555 520 600 565 ἐν
639 518 775 578 ὀλίγῳ
815 524 1037 564 τίθεσθαι
1073 520 1128 563 τά
1167 520 1278 564 κατὰ
1316 521 1419 573 τους
1460 519 1804 578 ἀπολουμένους.
1865 527 1939 569 καὶ

271 588 321 646 δὴ
352 593 662 644 τετραμμένων
684 589 747 640 εἰς
766 588 815 631 τὸ
839 591 1034 641 θέατρον
1058 587 1218 645 εἰσόδῳ
1249 594 1510 646 σημαίνεται
1533 591 1670 643 Γάιος
1699 591 1942 645 ἐξαναστὰς
1966 604 1987 638 5

268 657 342 698 καὶ
372 656 570 713 θόρυβος
600 648 672 713 ἦν,
712 653 981 713 ἀνέστρεφον
1014 656 1061 698 δὲ
1090 658 1164 699 καὶ
1195 657 1238 699 οἱ
1270 659 1523 712 συνωμόται
1552 661 1623 703 καὶ
1657 655 1938 705 ἇνεωθοῦντο

268 722 348 778 τὴν
378 724 572 781 πληθύν,
604 724 719 780 λόγῳ
750 724 829 778 μὲν
861 723 935 766 διὰ
965 723 1015 767 τὸ
1049 724 1346 780 δυσχεραίνειν
1375 725 1452 769 τὸν
1476 727 1623 780 Γάιον,
1657 727 1768 784 ἐ’ργῳ
1792 728 1840 772 δὲ
1860 724 1934 772 ἐπ’

271 785 425 868 ἆδείας
453 791 717 846 βουλόμενοι
749 791 792 834 ἐν
825 790 985 848 ἐρημίᾳ
1014 794 1102 834 τῶν
1140 790 1449 847 ἀμυνουμένων
1478 795 1831 851 καταστήσαντες
1862 792 1940 840 αὖ·

159 859 240 900 102
270 857 348 901 τὸν
380 853 613 902 άπτεσθαι
641 861 720 916 τῆς
750 862 934 917 σφαγῆς
993 860 1268 917 προεξῄεσαν
1299 861 1346 903 δὲ
1368 863 1435 904 Κ)
1440 862 1590 913 αύδιος
1610 863 1688 918 μὲν
1710 860 1733 906 ὃ
1757 863 1941 919 πάτρως

273 942 405 968 αυτου
436 928 510 970 καὶ
547 928 730 981 Μᾶρκος
761 931 959 978 Βινίκιος
989 945 1012 971 ο
1044 931 1121 985 τῆς
1150 924 1346 986 αδελφῆς
1377 924 1485 987 ἀνὴρ
1517 930 1582 973 ε’τι
1618 931 1665 974 δὲ
1702 927 1944 987 Ουαλέριος
1970 927 2027 988 Q

266 989 533 1047 Ἀσιατικός,
567 1010 642 1044 ους
673 989 773 1036 ουδὲ
802 997 1090 1050 βουλομένοις
1129 996 1378 1040 διακλεῖσαι
1417 997 1602 1052 δυναμις
1630 990 1682 1055 ἧν
1714 998 1837 1043 αἰδοῖ
1864 1001 1942 1057 τῆς
1991 1022 1999 1051 7

160 1062 239 1102 103
271 1058 516 1114 ἀξιώσεως,
558 1061 710 1104 είπετο
749 1057 790 1104 6'
828 1058 959 1114 αὐτὸς
991 1064 1069 1106 σὺν
1099 1064 1268 1120 Παύλω
1294 1060 1550 1121 Ἀρουντίω.
1611 1065 1710 1108 ἐπεὶ
1742 1062 1782 1108 δ’
1819 1065 1942 1118 ἐντὸς

271 1120 323 1185 ἦν
352 1132 429 1172 τοῦ
459 1130 708 1185 βασιλείου,
740 1129 820 1180 τὰς
850 1132 930 1185 μὲν
962 1127 1036 1174 ἐπ’
1073 1127 1255 1182 εὐθείας
1285 1129 1416 1183 ὁδους
1448 1133 1614 1186 λείπει,
1645 1129 1754 1175 καθ’
1791 1134 1843 1186 ἃς
1873 1135 1942 1178 δι·
1989 1149 2000 1182 ο

271 1197 508 1255 εστήκεσαν
550 1200 638 1240 τῶν
679 1198 847 1241 δούλων
887 1199 929 1242 οἱ
973 1200 1303 1256 θεραπεύοντες
1343 1196 1475 1244 αὐτὸν
1514 1202 1587 1244 καὶ
1631 1201 1859 1258 προῄεσαν
1898 1202 1941 1245 οἱ

162 1266 240 1305 104
273 1267 378 1320 περὶ
416 1264 493 1308 τὸν
524 1266 770 1310 Κλαύδιον·
815 1270 1027 1321 τρέπεται
1073 1268 1119 1311 δὲ
1162 1267 1273 1310 κατὰ
1315 1267 1545 1311 στενωπὸν
1584 1264 1832 1326 ἠρεμηκότα
1868 1211 2013 1327 null

271 1333 348 1376 ἐπὶ
390 1333 532 1376 τόπον
571 1333 686 1389 πρὸς
727 1334 928 1385 λουτροῖς
965 1336 1254 1393 γενησόμενος
1286 1331 1377 1390 ἅμα
1406 1338 1480 1380 καὶ
1511 1337 1679 1388 παῖδας
1712 1339 1755 1380 οἳ
1784 1332 1943 1395 ἥκεσαν

228 1446 230 1448 ,
272 1400 316 1443 ἐκ
347 1403 425 1457 τῆς
448 1396 608 1452 Ἀσίας
637 1402 943 1459 κατανοήσων,
984 1406 1170 1462 πομπῆς
1211 1400 1355 1446 αὐτῶν
1397 1403 1569 1448 ἐκεῖθεν
1603 1408 1836 1463 γενομένης
1867 1405 1943 1449 ἐπὶ

270 1464 424 1523 ἱῗμνοις
453 1474 704 1527 μυστηρίων
742 1469 769 1512 ἃ
801 1469 1018 1523 ἐπετέλει,
1056 1471 1167 1515 ἔνιοι
1208 1472 1255 1515 δὲ
1293 1471 1403 1514 κατὰ
1443 1472 1784 1528 πυρριχισμούς,
1825 1474 1869 1516 οἳ
1899 1472 1944 1516 ἐν

161 1537 239 1578 105
269 1545 364 1587 τοῖς
393 1536 607 1593 θεάτροις
638 1536 826 1582 ἔσοιντο.
886 1536 1148 1592 ὑπαντιάζει
1190 1535 1231 1582 δ’
1278 1536 1410 1582 αὐτὸν
1441 1543 1642 1595 Χαιρέας
1679 1542 1752 1584 καὶ
1782 1537 1942 1599 ᾔτησεν

272 1613 466 1662 σημεῖον.
525 1607 604 1648 τοῦ
645 1605 691 1648 δὲ
728 1608 817 1649 τῶν
857 1606 920 1657 εἷς
956 1607 1111 1666 χλεύην
1152 1603 1447 1663 ἀνακειμένων
1479 1607 1685 1658 εἰπόντος
1719 1603 1846 1652 ουδὲν
1876 1607 1944 1652 ἐν·
1969 1613 2035 1652 D*

272 1674 458 1724 δοιάσας
489 1673 736 1728 λοιδορίαις
765 1690 813 1716 τε
845 1673 1001 1730 ἐχρᾶτο
1040 1675 1153 1718 κατὰ
1188 1678 1268 1719 τοῦ
1299 1678 1437 1719 Γαίου
1468 1678 1542 1719 καὶ
1574 1675 1860 1730 σπασάμενος
1888 1675 1938 1720 τὸ

161 1741 238 1781 106
273 1741 402 1798 ξίφος
442 1740 599 1797 ἐπάγει
637 1740 808 1799 πληγην
848 1742 1068 1800 σφοδράν·
1110 1761 1159 1786 ου
1198 1762 1283 1802 μην
1317 1760 1365 1799 γε
1396 1742 1447 1786 ἓν
1477 1747 1661 1799 καίριος.
1719 1748 1866 1787 καίτοι
1893 1747 1942 1800 γέ

272 1813 410 1865 ᾳασίν
449 1825 565 1859 τινες
604 1813 797 1866 προνοία
839 1812 919 1853 τοῦ
958 1814 1156 1866 Χαιρεου
1201 1814 1415 1868 γενέσθαι
1453 1814 1532 1855 τοῦ
1570 1811 1628 1868 μὴ
1667 1814 1751 1869 μιᾷ
1796 1813 1942 1870 πληγῇ

273 1876 601 1932 διεργάσασθαι
622 1875 699 1920 τὸν
723 1877 871 1930 Γάιον,
906 1873 1018 1920 ἀλλὰ
1042 1882 1343 1934 τιμωρεῖσθαι
1363 1879 1576 1933 μειζόνως
1606 1878 1778 1934 πλήθει
1807 1896 1940 1934 τραυ-

162 1946 239 1985 107
271 1944 436 1999 μάτων.
497 1940 546 1987 οὗ
577 1943 663 2002 μὴν
692 1944 790 1999 ἐμοὶ
822 1945 1022 1996 πιθανὸς
1053 1943 1181 1997 οὗτος
1211 1944 1233 1989 ὁ
1268 1946 1396 2001 λόγος
1427 1946 1502 1989 διὰ
1533 1946 1582 1989 τὸ
1615 1946 1673 2002 μὴ
1707 1945 1942 2002 ἐπιχωρεῖν
1971 1953 2009 1990 5

385 2067 623 2103 AMWELat

388 2127 402 2159 1
430 2129 665 2171 προσπεσεῖν
682 2123 715 2158 Ε
808 2123 1015 2171 *προσήδει
1034 2125 1072 2159 Μ
1165 2123 1319 2171 προῄδει
1343 2124 1473 2169 μέντοι
1499 2129 1542 2160 tr.
1563 2125 1594 2160 Ε
1687 2123 1807 2174 φόνῳ]
1833 2120 1942 2175 φόνῳ

269 2177 458 2224 ἐσόμενον
481 2180 514 2215 Ε
631 2183 650 2215 2
677 2173 763 2217 ὅσοι
790 2180 822 2215 Ε
949 2178 1087 2224 δεδιὼς]
1113 2181 1151 2218 δὲ
1176 2179 1287 2217 εἰδώσ
1311 2181 1344 2216 Ε
1469 2186 1487 2216 3
1513 2184 1640 2223 πᾶσιν]
1666 2185 1794 2218 πᾶσαν
1818 2182 1850 2217 Ε

272 2240 290 2270 5
317 2236 369 2278 εἰς
393 2257 436 2261 -
461 2236 610 2286 εἰσόδῳ]
636 2236 685 2271 ad
707 2237 995 2282 spectaculorum
1022 2242 1109 2272 uota
1134 2238 1205 2273 Lat
1312 2240 1381 2274 τοῦ
1405 2235 1575 2285 θεάτρου
1598 2237 1784 2274 Lowthius
1894 2239 1943 2276 εἰ·

271 2291 383 2341 σόδῳ]
416 2290 484 2339 τὴν
510 2291 661 2330 εἴσοδον
685 2293 773 2328 MW
912 2296 932 2327 6
958 2289 1212 2331 *άνωθοῖ-ντο
1239 2297 1272 2330 Α
1410 2297 1430 2329 S
1456 2290 1705 2339 α’μυνομένων
1728 2295 1852 2330 MWE

271 2352 291 2383 9
316 2347 494 2396 *πάτροσ
510 2350 598 2384 MW
617 2352 803 2395 πατρῶοσ
821 2349 896 2385 eti.
914 2360 1025 2395 marg.
1053 2365 1100 2396 γρ
1126 2348 1287 2398 πάτρωσ
1304 2353 1337 2386 Α
1432 2355 1471 2385 10
1498 2352 1670 2393 Βινίκιος]
1694 2348 1943 2395 μινουκιανὸσ
1994 2350 1999 2354 ’

272 2406 377 2441 codd.
404 2406 509 2441 ELat
536 2402 721 2448 Οὖινίκιος
745 2406 909 2449 Hudson‚
935 2406 981 2441 cf.
1007 2407 1104 2442 infra
1129 2409 1150 2451 ξ
1177 2410 1241 2442 252
1267 2407 1329 2442 ubi
1353 2407 1479 2443 itidem
1504 2403 1762 2450 Μινουκιανὸς
1785 2408 1943 2444 traditur

271 2465 308 2497 et
334 2462 451 2498 Tacit.
477 2473 560 2497 ann.
588 2463 638 2498 VI
666 2466 706 2498 15
799 2460 1049 2507 μινουκιαι·ὸσ
1072 2462 1226 2510 μάρκοσ
1251 2468 1294 2500 tr.
1321 2465 1354 2499 E
1457 2465 1509 2506 δὲ]
1535 2465 1573 2501 δὲ
1596 2466 1659 2500 καὶ
1681 2464 1714 2499 Ε
1807 2460 1942 2501 *odal-

271 2519 400 2565 λε’ριοσ
424 2519 464 2553 Μ
597 2522 635 2554 11
662 2515 878 2561 Ἀσιατικὸς]
905 2515 1138 2557 α’σουατικὸσ
1163 2523 1195 2556 Α
1221 2517 1485 2558 α’νθυπατικὸσ
1509 2521 1596 2556 MW
1622 2517 1887 2558 άνθυπατινὸσ
1909 2521 1942 2557 Ε

272 2575 447 2609 asiaticus
471 2575 542 2610 Lat
681 2571 755 2617 οὓς]
781 2586 824 2611 ex
849 2576 921 2611 Lat
946 2576 1097 2612 Hudson
1124 2573 1185 2613 οἶσ
1210 2578 1314 2612 codd.
1457 2580 1497 2612 12
1521 2577 1560 2614 δὲ
1585 2573 1705 2614 αύτὸσ
1729 2577 1852 2613 MWE

274 2629 411 2680 Παύλῳ
443 2630 657 2680 Ἀρουντίῳ]
696 2632 751 2666 ed.
789 2643 843 2676 pr.
886 2635 1226 2679 ταλαιπωρουντίω
1263 2634 1367 2670 codd.
1402 2633 1520 2680 paulo
1556 2634 1725 2668 art-metio
1762 2634 1853 2677 Lat;
1893 2632 1939 2669 cf.

273 2689 294 2729 ,δ
324 2691 398 2732 143,
423 2689 486 2723 ubi
510 2688 706 2724 Arruntius
732 2689 844 2724 Stella
868 2694 1086 2724 memoratur
1212 2690 1276 2725 *δὲ
1302 2690 1390 2724 MW
1528 2694 1567 2725 13
1593 2685 1684 2726 *ἐπ’
1709 2700 1778 2725 om.
1804 2690 1859 2725 ed.
1885 2699 1939 2736 pr.

387 2742 643 2791 διεστήκεσαν]
670 2745 707 2781 δὲ
733 2741 788 2790 (δὴ
815 2745 860 2786 Ε)
887 2743 1094 2791 ἑστήκεσαν
1117 2746 1239 2781 MWE
1336 2750 1375 2782 14
1402 2743 1735 2791 *θεραπεύσοντες
1759 2746 1851 2783 coni.

277 2804 316 2834 145
343 2800 430 2837 *ἐπὶ
455 2799 590 2843 τόπον]
615 2801 826 2838 ἐπίσκοτον
849 2802 996 2837 Bekker
1019 2801 1208 2847 ἐπίτομον
1233 2804 1323 2838 coni.
1429 2803 1589 2838 ’παῖδεσ
1615 2802 1660 2836 W
1765 2797 1941 2848 *ἥκεσανῙ

273 2855 390 2902 ᾔεσαν
406 2857 444 2892 Μ
463 2864 638 2893 uenerant
656 2859 726 2894 Lat
800 2861 839 2893 19
864 2858 902 2895 δὲ
920 2859 1043 2894 MWE
1137 2862 1176 2913 21
1206 2861 1447 2904 *λοιδορίαισ,
1470 2873 1507 2894 αι
1525 2858 1548 2893 i.
1566 2869 1637 2893 ras.
1657 2858 1695 2893 M
1766 2858 1941 2906 *ἐχρῆτα

274 2937 296 2980 ἦ
321 2935 344 2968 i.
371 2947 440 2970 ras.
469 2939 500 2971 A
594 2940 636 2973 23
661 2939 743 2979 τοῦ]
769 2934 814 2974 τὸ
840 2937 927 2972 MW
1019 2935 1081 2984 μὴ]
1106 2921 1192 2981 uqi.
1216 2949 1286 2974 ras.
1312 2938 1351 2973 M
1421 2941 1462 2972 25
1489 2933 1532 2973 οὗ
1558 2933 1630 2983 μὴν
1654 2935 1740 2981 ἐμοὶ
1765 2939 1940 2980 πιθανος]

275 2991 381 3027 ALat
405 2991 488 3036 ἐμοὶ
513 2993 549 3030 ὁὶ-
575 2989 773 3030 ιῖπίθιινοσ
798 2994 885 3029 MW
