2074 3392
188 310 268 352 349

186 716 266 756 350

186 921 263 961 351

185 1192 266 1232 352

183 1599 263 1640 353

183 1939 264 1980 354

301 193 385 232 204
724 197 888 242 ANTIQ.
912 198 1011 234 mn.
1036 198 1158 235 xvm
1183 201 1363 235 348—354
1386 203 1444 241 (ιε.
1462 208 1490 233 5.
1508 205 1538 243 e)

295 303 544 362 Ἀνιλαίου,
577 311 770 367 φάιιενοι
798 312 941 361 καὶως
973 311 1106 365 έχειν,
1146 312 1185 355 εἰ
1214 313 1272 372 μὴ
1305 313 1524 370 πρότερον
1554 309 1652 357 κατ’
1689 311 1822 359 αὐτὸν
1852 316 1970 374 ἑώρα
2028 305 2030 338 Ῐ

298 375 348 419 τὸ
382 373 583 434 ὠφέλουν
623 374 735 420 duc}
775 381 849 422 νῦν
887 381 990 434 γοῦν
1031 379 1307 464 ἐπιστροφὴν
1347 385 1590 425 ποιεῖσθαι
1630 385 1708 426 τοῦ
1741 385 1987 451 γεγονότος

300 445 408 499 πρὶν
439 438 465 499 η
494 463 573 504 την
604 444 825 501 ἁμαρτίαν
857 445 1007 503 ἐκείνω
1037 463 1086 489 τε
1114 450 1189 492 καὶ
1218 451 1333 492 πᾶσι
1363 458 1456 500 τοῖς
1488 447 1640 501 αΗοις
1668 454 1880 507 γενέσθαι
1906 452 1970 505 εἷς
2030 466 2032 469 ·

299 508 491 568 ολεθρον
522 531 753 569 ανακειιιετ
759 532 820 572 ην
852 514 929 558 τόν
958 529 1005 557 τε
1033 514 1173 571 γάμον
1203 518 1281 574 τῆς
1302 513 1549 573 ἀνθρώπου
1572 519 1769 574 Λέγοντες
1795 514 1844 562 οὗ
1865 516 1964 575 μετ’
2030 521 2032 528 ’

300 575 443 624 αὐτῶν
475 577 570 624 οῦδ)
607 577 758 633 αὖτοῑς
789 581 1020 624 εἰωθότων
1051 585 1296 626 τεθεῖσθαι
1325 584 1472 638 νόμων
1501 587 1575 629 καὶ
1606 585 1685 643 τὴν
1724 589 1970 644 θρησκείαν
1994 588 2034 632 δ”

299 646 351 705 ἢν
391 647 647 707 ἐπιτηδεύοι
684 647 709 707 ἡ
748 649 850 706 γυνὴ
893 645 967 692 ἐπ’
1012 645 1229 704 ἀτιμώσει
1267 654 1381 694 θεοῦ
1418 655 1497 696 τοῦ
1535 649 1686 704 αὐτοῖς
1726 657 1969 710 σεβασμίου

298 715 606 771 πράσσεσθαι.
665 736 686 761 ο
729 719 777 761 δὲ
816 713 976 768 καυτὸς
1014 715 1112 775 ᾔδει
1150 718 1230 773 μὲν
1267 718 1346 776 τὴν
1386 717 1620 800 ἁμαρτάδα
1659 724 1738 765 τοῦ
1773 722 1971 782 ἀδελφοῦ

295 783 498 839 μεγάλων
538 785 686 829 αἰτίαν
725 777 860 829 οῦσαν
898 787 1042 828 κακῶν
1080 788 1155 829 καὶ
1186 784 1417 845 εσομένην,
1458 805 1507 831 ου
1547 788 1633 845 μὴν
1675 785 1881 844 ἀπείχετό
1922 807 1971 848 γε

299 847 448 895 ευνοία
477 856 555 897 τοῦ
586 869 818 909 συγγενοις
840 853 1078 908 νικώμενος
1097 855 1170 896 καὶ
1193 854 1448 912 συγγνώμην
1470 858 1612 910 νέμων
1633 854 1693 908 ὥς
1713 855 1801 902 ῦπό
1824 863 1970 915 κρείσ-

299 933 429 970 σονος
466 923 600 964 κακοῦ
638 924 715 978 τῆς
755 921 1005 975 ἐπιθυμίας
1045 924 1300 984 νικωμένου.
1361 921 1460 966 επεὶ
1497 924 1544 967 δὲ
1575 925 1758 976 πλείους
1785 943 1834 970 τε
1863 923 1971 985 ὅση-
2000 923 2002 926 ’

296 990 429 1043 μέραι
470 992 818 1047 συνεστρέφοντο
850 991 921 1032 καὶ
954 990 1137 1039 πλείους
1167 987 1278 1047 ἠσαν
1312 990 1358 1033 αἱ
1387 995 1618 1046 καταβοαί,
1648 995 1886 1050 τηνικαῦτα
1917 993 1970 1052 δή

298 1069 435 1112 φησιν
467 1058 570 1110 περὶ
604 1053 748 1100 αὐτῶν
779 1056 895 1114 πρὸς
920 1052 1149 1100 Ἀνιλαῖον
1187 1067 1283 1108 τοῖς
1320 1075 1368 1102 τε
1403 1061 1582 1115 πρῶτον
1611 1059 1838 1117 γεγονόσιν
1869 1059 1972 1106 ἐπι-

295 1125 437 1177 τιμῶν
473 1126 546 1168 καὶ
578 1125 849 1169 παύσασθαι
878 1124 928 1168 τὸ
962 1124 1124 1168 λοιπὸν
1154 1126 1340 1170 κελεύων
1371 1125 1450 1182 τὴν
1481 1124 1728 1185 ἄνθρωπον
1760 1124 1971 1184 ἀποπεμ-

297 1190 500 1246 ψάμενον
538 1192 602 1243 εἰς
638 1192 742 1244 τοὺς
781 1202 1013 1250 συγγενεῖς.
1075 1192 1325 1249 ἐπράσσετο
1367 1194 1414 1237 δὲ
1455 1190 1579 1238 οὐδὲν
1611 1194 1656 1238 ἐκ
1685 1197 1773 1239 τῶν
1805 1195 1970 1252 λόγων·

296 1261 369 1302 καὶ
399 1257 423 1317 ἡ
454 1259 556 1318 γυνὴ
592 1260 639 1303 δὲ
671 1261 975 1318 αἰσθανομένη
998 1261 1077 1315 μὲν
1097 1263 1176 1304 τοῦ
1197 1263 1314 1315 θροῦ
1334 1263 1415 1304 τοῦ
1434 1265 1692 1316 κατέχοντος
1714 1261 1818 1314 τοὺς
1839 1263 1973 1316 λαοὺς
1998 1268 2033 1308 25

298 1323 359 1370 δι’
396 1323 544 1385 αὐτήν,
579 1328 802 1372 δεδοικυῖα
833 1329 881 1372 δὲ
910 1330 1015 1384 περὶ
1045 1330 1122 1371 τοῦ
1149 1324 1393 1382 Ἀνιλαίου,
1424 1328 1483 1386 μὴ
1506 1334 1581 1374 καί
1602 1348 1645 1374 τι
1667 1330 1818 1375 πάθοι
1839 1330 1972 1387 ἔρωτι

296 1397 361 1450 τῷ
381 1394 497 1451 πρὸς
519 1391 667 1452 αὐτήν,
700 1396 935 1453 φάρμακον
955 1398 1019 1452 τῷ
1044 1392 1260 1452 Ἀσιναίῳ
1293 1396 1431 1440 δοῦσα
1463 1396 1507 1440 ἓν
1536 1407 1630 1449 τοῖς
1661 1402 1824 1450 σιτίοις
1853 1402 1971 1455 μεθ-

298 1466 453 1506 ίστατο
498 1462 576 1507 τὸν
624 1461 872 1521 ἄνθρωπον
911 1460 1043 1521 ἀδεής
1094 1480 1144 1507 τε
1190 1455 1243 1520 ἦν
1283 1463 1360 1508 ἐπὶ
1399 1467 1525 1522 κριτῇ
1562 1468 1652 1510 τῶν
1691 1468 1796 1523 περὶ
1836 1463 1971 1526 αὐτὴν

295 1533 682 1588 πραχθησομένων
711 1535 775 1589 τῷ
806 1532 970 1589 ἐραστῇ
998 1535 1220 1590 γενομένη.

410 1603 449 1642 6.
503 1595 730 1652 Ἀνιλαῖος
762 1601 808 1644 δὲ
828 1600 1082 1656 καταμόνας
1103 1597 1185 1659 ἤδη
1207 1598 1286 1656 τὴν
1307 1597 1543 1658 ἡγεμονίαν
1565 1601 1840 1658 παραλαβών
1871 1601 1970 1655 ἐξά·
1996 1608 2034 1647 D

292 1682 360 1722 γει
399 1667 613 1723 στρατιὰν
655 1668 732 1712 ἐπὶ
771 1668 851 1720 τὰς
882 1668 1179 1724 Μιθριδάτου
1219 1667 1371 1723 κώμας
1410 1664 1572 1723 ἀνδρὸς
1610 1669 1792 1726 πρώτου
1835 1669 1880 1714 ἕν
1915 1673 1971 1729 τῇ

293 1737 545 1792 Παρθυηνῇ
588 1737 660 1779 καὶ
705 1738 926 1791 βασιλέως
959 1734 1237 1792 Ἀρταβάνου
1276 1734 1355 1793 τὴν
1394 1739 1622 1793 θυγατέρα
1661 1738 1969 1797 γεγαμηκότος,

295 1801 369 1846 διὰ
402 1804 523 1853 λείας
552 1820 600 1846 τε
628 1794 729 1859 ἦγεν
761 1800 918 1858 αὐτάς,
959 1807 1031 1848 καὶ
1072 1803 1220 1847 πολλὰ
1259 1804 1338 1858 μὲν
1365 1805 1570 1861 χρήματα
1600 1807 1672 1848 καὶ
1705 1802 1971 1862 ἀνδράποδα

294 1867 554 1926 εὑρίσκεται,
586 1871 733 1914 πολλὰ
766 1872 813 1915 δὲ
844 1872 1050 1928 πρόβατα
1081 1870 1194 1915 ἄλλα
1225 1889 1272 1915 τε
1303 1872 1450 1915 πολλὰ
1483 1871 1633 1916 ὁπόσα
1664 1872 1740 1916 ἐπὶ
1769 1875 1970 1932 προσλή-

297 1946 377 1993 ψει
407 1941 486 1981 τοῦ
518 1935 779 1993 εὐδαίμονος
801 1935 967 1997 ὠφελεῖ
986 1949 1081 1991 τοῖς
1104 1940 1289 1994 ἒγουσιν.
1350 1940 1648 1998 ΖΠιθριδάτης
1675 1941 1734 1994 δέ,
1767 1941 1971 1997 ἐτύγχανε
1998 1948 2041 1989 8.

292 2005 376 2062 γὰρ
407 2006 512 2064 τῇδε
542 2003 624 2060 ὤν,
665 2006 819 2065 ἐπειδὴ
854 2004 1003 2052 άκούει
1032 2011 1120 2051 τῶν
1150 2010 1308 2063 κωμῶν
1338 2008 1417 2066 τὴν
1449 2004 1616 2052 ἅλωσιν
1647 2008 1691 2052 ἓν
1726 2009 1855 2066 δεινῷ
1887 2013 1969 2067 φέ-

407 2152 638 2188 AMWELat
650 2153 731 2207 ljlxc
754 2153 912 2190 Peiresc.

408 2235 421 2266 1
450 2229 541 2269 κατ’
568 2212 694 2270 αὔταῗν
717 2233 757 2268 Μ
781 2228 876 2269 καθ’
902 2230 1021 2270 αὑτὸν
1046 2234 1190 2279 Cocceji
1339 2231 1454 2281 ἑώρα]
1481 2231 1683 2280 ἑωρακότα
1707 2234 1878 2271 MWExc

294 2289 312 2321 2
337 2291 430 2334 γοῦν
454 2299 522 2324 om.
548 2290 588 2325 M
682 2294 701 2326 3
728 2288 913 2326 *ἐκείνων
938 2290 985 2324 W
1092 2293 1111 2325 4
1137 2286 1396 2338 ἀνακειμένην,
1422 2305 1465 2337 ην
1490 2302 1536 2327 ex
1561 2303 1622 2327 οισ
1646 2301 1740 2327 corr.
1765 2291 1805 2327 M
1897 2288 1968 2329 τόν

292 2355 337 2379 ex
362 2342 408 2381 τό
434 2356 525 2381 corr.
552 2347 600 2382 W
692 2342 781 2393 μετ’
807 2342 944 2388 αὐτῶν]
969 2343 1065 2391 μετὰ
1092 2344 1207 2393 ὑγιῶν
1232 2347 1447 2383 Gutschmid
1540 2350 1558 2381 5
1587 2342 1683 2392 οὐδ’]
1708 2348 1856 2384 Bekker
1881 2342 1967 2386 οὔτ’
1994 2368 1997 2371 -

291 2402 324 2436 Α
350 2399 436 2438 οὔτε
462 2403 632 2440 MWExc
747 2407 767 2438 6
793 2399 984 2449 ἀτημώσει
1010 2403 1092 2438 Exc
1208 2406 1315 2445 θεοῦ]
1343 2407 1411 2440 τοῦ
1435 2406 1529 2440 θεοῖ·
1554 2403 1724 2439 MWExc
1830 2408 1848 2438 7
1874 2406 1966 2442 *καὶ

292 2453 413 2494 αῦτὸσ
437 2459 608 2495 MWExc
748 2463 767 2495 S
793 2455 840 2496 οὗ
863 2457 937 2506 μὴν
962 2455 1146 2505 α’πείχετό
1171 2464 1227 2507 γε]
1262 2456 1306 2497 οὐ
1337 2457 1412 2507 μὴν
1436 2455 1530 2497 ἀλλὰ
1556 2463 1620 2497 καὶ
1645 2455 1818 2507 η’νείχετό
1842 2474 1885 2508 γε
1910 2466 1965 2508 (γε

292 2526 360 2551 om.
387 2515 434 2557 E)
461 2517 583 2551 MWE
593 2517 671 2552 Exc
697 2519 733 2552 et
755 2517 780 2551 i.
806 2527 915 2561 marg.
943 2518 977 2551 A
1002 2528 1126 2551 uerum
1152 2522 1271 2552 tamen
1295 2537 1340 2541 —
1365 2517 1545 2552 tolerabat
1568 2518 1640 2553 Lat
1733 2520 1753 2552 9
1777 2520 1863 2553 ante
1886 2520 1966 2554 *νι-

289 2569 463 2616 κώμενος
488 2576 507 2607 6
533 2573 601 2609 litt.
629 2584 722 2608 eras.
748 2573 787 2608 M
908 2574 1137 2620 κρείττονοσ
1162 2573 1250 2608 MW
1276 2575 1485 2620 κρίττονοσ
1509 2575 1588 2609 Exc
1707 2577 1746 2610 10
1772 2573 1964 2622 νικωμένφ

290 2628 435 2664 Bekker
503 2631 659 2666 πλείουσ
683 2629 723 2665 τὲ
747 2626 893 2675 ἡμιῖρασ
918 2630 1271 2676 συνανεστρέφοντο
1299 2630 1331 2665 Ε
1411 2631 1494 2673 *τε]
1520 2644 1562 2678 γε
1587 2630 1757 2666 MWExc
1830 2632 1870 2666 12
1894 2625 1965 2667 τὸν

290 2695 356 2719 om.
383 2686 423 2720 M
530 2682 723 2728 Ἀνιλαῖον]
749 2683 819 2722 τὸν
842 2682 1019 2722 α’σιναῖον
1044 2687 1110 2720 ΑΕ
1229 2690 1268 2721 13
1296 2685 1630 2733 α’ποπεμψόμενον
1655 2687 1769 2722 AExc
1793 2683 1965 2732 α’ποπεμ·

289 2739 462 2785 πόμενον
486 2742 518 2778 Ε
639 2746 677 2777 14
704 2743 742 2779 δὲ
767 2753 834 2778 om.
863 2743 894 2777 E
1020 2747 1058 2777 15
1086 2743 1295 2790 αἰσθομένη
1320 2744 1352 2779 Ε
1446 2747 1539 2780 *τοῦ
1565 2745 1674 2791 θροῦ]
1700 2746 1799 2790 θροῦ
1823 2743 1917 2780 coni.

288 2798 551 2844 κατέσχοντοσ
576 2801 608 2834 Α
717 2803 756 2834 16
781 2799 911 2846 μηκέτι
936 2797 1057 2836 πάθοι
1084 2800 1204 2835 EExc
1312 2802 1378 2837 καί
1404 2814 1435 2836 τι
1461 2812 1506 2835 ex
1529 2803 1592 2836 καὶ
1619 2810 1711 2835 corr.
1738 2801 1771 2834 A
1886 2800 1961 2842 *τιῙ

289 2868 349 2890 τοι
374 2855 420 2890 W
518 2860 554 2890 Π
580 2857 806 2900 μεθίστατο]
831 2859 994 2900 μεθιστᾱ
1018 2856 1141 2892 MWE
1152 2857 1231 2892 Exc
1255 2859 1420 2907 μεθιστᾷ
1444 2870 1483 2893 τε
1510 2857 1724 2892 Gutschmid
1812 2858 1850 2892 18
1875 2856 1961 2901 περὶ

290 2907 383 2957 αὐτῆ
408 2911 439 2946 Ε
537 2915 575 2946 19
601 2913 820 2959 *γενομένω
847 2913 1016 2948 MWExo
1119 2916 1159 2947 24
1186 2914 1236 2955 δὲ]
1262 2913 1420 2948 Dindorf
1441 2926 1480 2949 τε
1507 2913 1610 2948 codd.
1729 2915 1770 2948 26
1797 2908 1961 2959 *ἐπειδὴῙ

289 2966 370 3004 ἐπεὶ
396 2968 482 3002 MW
