2051 3397
563 199 723 245 ANTIQ.
750 200 845 237 IUD.
872 201 989 237 xvln
1017 206 1194 238 ιιι-316
1217 207 1276 239 nx.
1299 210 1326 244 ι)
1700 206 1775 243 197

117 331 198 359 σαν
229 315 351 365 ἐντὸς
381 310 513 370 αὐτὴν
544 309 940 367 ἀπολαμβάνοντος
969 317 1038 357 καὶ
1063 333 1134 357 και
1146 326 1350 366 (τοκετοῖς
1369 319 1537 370 τειχῶν.
1589 317 1708 361 ἔστιν
1731 318 1777 360 δὲ

115 386 187 426 καὶ
214 386 390 436 Νίσιβις
412 380 543 430 πόλις
563 379 672 422 κατὰ
694 379 770 422 τὸν
794 378 926 423 ιιύιὸν
949 388 1023 424 τοῦ
1046 386 1250 437 ποταμοῦ
1274 389 1523 440 περίρροιν,
1546 381 1656 428 ὅθεν
1674 381 1779 429 'loe’-

116 451 234 493 δαῑοι
256 451 307 505 τῇ
330 448 460 505 φύσει
481 449 568 489 τιῦν
587 451 760 502 χωρίων
778 450 1121 500 :farao-wudz&
1141 450 1190 492 τό
1213 467 1261 493 τε
1283 451 1532 507 δίδραχμον,
1556 452 1579 493 ὃ
1602 455 1664 508 τῷ
1682 455 1778 509 θεῷ

114 516 402 571 καταβάλλειν
441 513 643 565 ἑκάστοις
683 515 891 570 πάτριον,
932 517 1066 574 ταίιῃ
1106 522 1392 560 κατετίθεντο
1431 521 1501 561 καὶ
1542 517 1692 562 ὁπόσα
1731 522 1779 563 δὲ

113 581 225 626 ἄλλα
256 581 538 637 ἀναθήματα,
571 581 756 637 ἐχρῶντό
789 600 835 626 τε·
868 579 1019 639 ὥσπερ
1050 589 1238 641 ταμιείῳ
1269 585 1423 628 ταῖσδε
1453 595 1551 636 ταῖς
1580 587 1777 631 πόλεσιν.

112 649 316 692 ἐντεῦθεν
355 649 401 692 δὲ
442 648 515 692 ἐπὶ
554 646 866 705 Ἱεροσολύμων
904 651 1186 706 ἀνεπέμπετο
1232 648 1259 709 ᾖ
1299 653 1471 708 καιρός,
1519 654 1686 697 πολλαί
1729 671 1777 698 τε

111 712 369 772 ἀνθρώπιον
398 717 609 771 μιριαδες
639 735 684 773 τι
697 736 716 759 ν
747 718 930 776 κοιιιδῆν
960 721 1048 762 τιῦν
1073 719 1337 776 χριμάτων
1332 720 1675 776 ταρελάμράνον
1708 722 1778 764 δε-

111 782 256 834 διότες
285 782 364 834 τὰς
392 788 670 840 Παρθιαίων
702 782 906 841 ἁρπαγὰς
939 784 973 828 ὗ
973 787 1236 844 comodum
1267 787 1448 839 ἐκείνοις
1468 790 1545 847 τῆς
1569 791 1777 843 Raphia)-

111 854 220 901 νίας.
279 853 352 894 καὶ
387 842 495 907 ἦσαν
526 869 607 906 γαρ
636 848 863 904 Ασιναῖος
894 871 964 897 και
987 850 1210 905 Ἀνιλαῖος
1233 856 1483 910 Νεερδᾶται
1514 857 1593 911 μὲν
1624 856 1673 899 τὸ
1706 861 1776 913 γε’-

108 933 202 970 νος,
243 913 444 976 ἀλλήλων
484 920 530 962 δὲ
571 916 770 977 ἀδελφοί.
830 938 902 964 και
935 918 1112 973 αι·”τοις,
1153 922 1324 979 (ατρὸς
1355 920 1394 965 δ’
1433 914 1541 981 ἦσαν
1572 920 1776 981 ὀρφανοί,

109 983 133 1043 ἡ
163 985 305 1043 μήτηρ
337 987 606 1042 προσέταξεν
633 989 766 1031 ἱστῶν
795 988 995 1045 μαθήσει
1027 989 1264 1045 ποιήσεως,
1297 987 1373 1033 οὐκ
1395 988 1523 1041 ὄντος
1545 987 1777 1047 ἀπρεποῦς

107 1062 202 1104 τοῖς
249 1053 507 1110 ἐπιχωρίοις
552 1051 666 1098 ὥστε
710 1055 811 1106 τοὺς
857 1053 1019 1112 ἄνδρας
1062 1058 1397 1114 ταλασιονργεῖν
1443 1054 1553 1112 παρ’
1611 1055 1776 1110 αὐτοῖς.

106 1121 282 1172 τούτοις
312 1120 334 1164 ὁ
367 1132 462 1173 τοῖς
493 1123 635 1178 ἔργοις
666 1122 882 1181 ἐφεστώς,
914 1125 984 1166 καὶ
1016 1122 1099 1179 γὰρ
1131 1123 1469 1181 ἐμεμαθήκεσαν
1501 1121 1612 1180 παρ’
1649 1122 1776 1182 αὐτῷ,

106 1189 357 1246 βραδυτῆτα
395 1189 661 1241 ἐπικαλέσας
698 1193 776 1247 τῆς
815 1187 1010 1248 ἀφίξεως
1048 1190 1230 1235 ἐκόλασε
1270 1193 1473 1250 πληγαῖς.
1535 1194 1577 1237 οἱ
1619 1194 1666 1237 δὲ
1697 1191 1771 1251 ἐφ’
1808 1228 1815 1238 .

108 1251 231 1311 ῧβρει
261 1256 339 1312 τὴν
370 1258 601 1301 δικαίωσιν
633 1258 916 1313 λογιζόμενοι,
949 1259 1316 1311 κατασπάσαντες
1336 1263 1424 1303 τῶν
1446 1256 1599 1304 ὅπλων
1627 1261 1775 1304 πολλὰ

108 1321 259 1367 ὁπόσα
292 1315 341 1380 ἦν
373 1324 446 1368 ἐπὶ
479 1327 556 1382 τῆς
588 1325 730 1377 οἰκίας
761 1325 1078 1383 φυλασσόμενα
1109 1323 1274 1382 ᾤχοντο
1298 1328 1361 1378 εἴς
1381 1345 1424 1372 τι
1442 1333 1617 1384 χωρίον,
1650 1329 1775 1384 διάρ-

108 1391 231 1448 ρηξιν
260 1392 339 1447 μὲν
369 1395 585 1448 ποταμιῦν
617 1393 862 1449 λεγόμενον,
896 1392 1032 1447 νομὰς
1064 1393 1110 1436 δὲ
1142 1390 1319 1449 ἀγαθὰς
1350 1404 1595 1451 παρασχεῖν
1629 1413 1776 1453 πεφε-

106 1457 182 1509 κὸς
220 1461 291 1502 καὶ
329 1459 454 1513 χιλὸν
491 1478 528 1503 ο
528 1459 656 1503 τόσοι
689 1476 752 1510 εις
782 1459 858 1503 τὸν
885 1463 1079 1515 χειμῶνα
1111 1457 1152 1504 ἆ
1146 1466 1424 1506 τοτιθοῐντο.
1486 1463 1700 1520 συνΓεσάν
1729 1480 1777 1506 τε

108 1521 168 1576 ὥς
199 1522 356 1578 αὐτους
385 1529 472 1570 τῶν
504 1531 611 1570 νέων
633 1528 675 1571 οἱ
699 1525 998 1584 ἀπορώτατοι,
1031 1530 1103 1571 καὶ
1125 1529 1307 1580 τούτοις
1327 1538 1422 1580 τοῖς
1442 1525 1603 1582 όπλοις
1633 1548 1774 1588 φραγ-

107 1593 255 1644 νύντες
293 1599 529 1652 στρατηγοί
565 1611 614 1638 τε
651 1610 764 1651 ησαν
794 1597 865 1638 καὶ
897 1612 985 1638 των
1015 1599 1157 1639 κακῶν
1187 1593 1396 1653 ἡγεμόνες
1428 1593 1504 1640 οὐκ
1534 1597 1774 1641 ἐκωλύοντο

107 1658 235 1705 εἶναι.
295 1661 596 1718 προελθόντες
624 1661 707 1718 γὰρ
740 1663 814 1706 ἐπὶ
846 1662 895 1706 τὸ
924 1680 1093 1717 αμαχον
1113 1666 1185 1707 καὶ
1206 1664 1612 1716 κατασκευάσαντες
1643 1661 1774 1718 ἇκρό-

105 1730 239 1772 πολιν
261 1729 510 1784 διέπεμπον
541 1728 657 1785 πρὸς
678 1729 781 1781 τοὺς
802 1733 1014 1785 νέμοντας
1036 1730 1177 1788 φόρον
1201 1726 1351 1781 αὐτοῖς
1371 1732 1619 1784 κελεύοντες
1639 1750 1774 1776 κατα-

104 1796 284 1852 βάλλειν
313 1800 401 1840 τιῦν
429 1797 732 1855 βοσκημάτων,
763 1797 789 1856 ἢ
818 1793 1011 1853 ἀρκοῦσα
1043 1797 1263 1855 ἐπιτροφὴ
1294 1795 1452 1854 γίνοιτ’
1489 1796 1554 1852 ἂν,
1585 1815 1775 1856 προστι-

105 1866 261 1915 θέντες
299 1866 455 1922 φιλίαν
492 1882 540 1908 τε
578 1868 871 1920 πειθομένοις
910 1867 982 1908 καὶ
1023 1862 1192 1920 ἄμυναν
1221 1868 1308 1909 τῶν
1340 1863 1590 1920 ἀλλαχόθεν
1625 1868 1774 1911 ποθὲν

219 2055 449 2091 AMWELat
472 2055 603 2091 Suidas
628 2067 654 2091 s.
681 2058 848 2092 δικαιοῦν

220 2113 240 2146 2
264 2114 284 2135 *
299 2112 444 2157 νίσιβησ
468 2114 502 2158 (η
518 2111 637 2147 minus
655 2111 803 2154 clarum)
827 2111 874 2146 W
898 2111 1036 2147 nesebz‘s
1060 2112 1205 2153 (nesihe's
1230 2114 1309 2148 cod.
1336 2113 1486 2155 Canon.)
1511 2115 1582 2151 Lat
1652 2118 1671 2150 3
1695 2116 1774 2152 *δί-

108 2169 277 2213 δραγμον
301 2167 346 2201 W
420 2162 474 2203 *ὃ
499 2177 566 2204 om.
589 2167 636 2201 W
705 2171 725 2202 4
751 2168 790 2204 δὲ
814 2178 882 2203 om.
907 2167 1030 2203 MWE
1124 2171 1143 2202 5
1169 2172 1222 2211 τε]
1247 2169 1286 2206 δὲ
1310 2170 1431 2205 MWE
1523 2172 1669 2216 ταμείω
1693 2172 1727 2206 Ε

108 2224 129 2257 6
153 2219 189 2258 δ’
213 2223 246 2258 Ε
338 2219 603 2267 ἀνεπέμποντο
628 2223 662 2258 Ε
753 2216 814 2269 *bl
839 2219 862 2269 ἢ
885 2223 932 2258 W
1033 2227 1051 2258 ‘a'
1076 2222 1256 2272 μυριάδεσ
1280 2222 1499 2272 ἀνθρώπων
1521 2230 1567 2262 tr.
1592 2226 1681 2261 MW

108 2275 270 2321 δεδιότες
292 2298 336 2304 —
359 2281 378 2314 8
404 2280 647 2326 Βαβυλωνίας
671 2289 738 2314 om.
762 2278 834 2314 Lat
960 2283 980 2315 9
1005 2275 1222 2324 *Ἀνιλαῖος]
1248 2281 1272 2316 i.
1297 2293 1481 2332 marg3y9
1507 2280 1670 2329 ανήλεοσ
1693 2285 1726 2318 Α

107 2331 327 2380 *νεερδήται
351 2331 384 2380 (ή
408 2335 526 2370 minus
551 2335 699 2377 clarum)
723 2334 771 2369 W
888 2337 928 2370 10
953 2332 1002 2378 δ’]
1025 2333 1100 2384 γὰρ
1123 2337 1156 2372 Ε
1266 2341 1304 2373 11
1332 2337 1476 2375 *ὶστιῦν
1499 2359 1542 2364 -
1568 2337 1769 2385 ποιήσεως]

108 2396 146 2425 ut
169 2391 317 2425 nauium
340 2395 580 2437 operaremur
602 2390 783 2426 uelamina
806 2390 878 2427 Lat
987 2392 1148 2430 *ἱστίων
1170 2393 1294 2429 Naber
1403 2398 1443 2430 12
1467 2398 1769 2442 ταλασιουργεῖν]

108 2451 146 2482 ut
169 2467 214 2472 —
237 2452 479 2482 exerceantur
503 2447 673 2493 operibus
695 2458 790 2493 quae
812 2449 897 2483 usui
916 2450 1059 2484 marino
1076 2449 1281 2496 proficiant
1302 2450 1375 2486 Lat
1399 2453 1446 2493 (h.
1475 2462 1504 2486 e.
1530 2454 1770 2496 θαλασσουρ-

105 2506 199 2549 γεῑν)
290 2499 384 2549 παρ’
413 2498 553 2545 αὐτοῖς]
578 2502 681 2538 codd.
706 2503 787 2547 Lat,
813 2515 880 2541 om.
904 2505 937 2540 Ε
1032 2508 1073 2541 13
1097 2507 1162 2542 καὶ
1185 2502 1260 2552 γὰρ
1283 2504 1587 2554 ἐμεμαθήκεσαν,
1611 2507 1680 2542 litt.
1705 2509 1770 2543 καὶ

104 2555 180 2606 γὰρ
203 2556 223 2595 ἐ
246 2558 269 2593 i.
286 2569 372 2603 ras„
397 2561 451 2600 (ut
474 2559 548 2593 uid.
572 2569 618 2593 m.
644 2561 689 2603 2),
712 2561 776 2595 καὶ
799 2560 1050 2596 abbreuiatum
1075 2564 1141 2604 est,
1165 2559 1184 2597 ἐ
1207 2571 1253 2596 ex
1279 2576 1301 2609 ρ
1325 2573 1416 2599 corr.
1442 2564 1517 2598 m‘d.
1543 2564 1576 2598 A
1693 2560 1769 2610 γὰρ

105 2625 173 2652 om.
197 2615 287 2650 MW
416 2617 479 2651 καὶ
503 2611 577 2661 γὰρ
601 2635 644 2640 ——
669 2611 784 2662 αὐτῷ]
808 2611 906 2662 παρ’
930 2609 960 2651 ὦ
985 2619 1048 2653 καὶ
1072 2614 1390 2664 ἐμμεμαθήκεσαν
1413 2619 1492 2661 (sic)
1517 2619 1550 2653 E
1645 2621 1687 2654 14
1709 2619 1770 2655 *οὶ

104 2666 140 2708 δ’
167 2691 211 2697 -
236 2673 278 2706 16
300 2672 448 2718 χωρίον
471 2671 610 2716 recepit
634 2670 763 2706 Suidas
886 2668 952 2708 *δ’
975 2672 1063 2706 MW
1181 2675 1222 2707 16
1245 2669 1404 2710 *ὁπόσα
1430 2694 1472 2699 -
1498 2671 1768 2720 φυλασσόμενα

106 2736 173 2763 om.
198 2727 287 2764 Suid
404 2731 442 2762 1‘1'
468 2724 689 2774 λεγόμενον]
716 2724 946 2772 ποιούμενον
969 2727 1092 2762 MWE
1219 2730 1260 2763 18
1282 2731 1398 2774 χιλιῦν
1422 2730 1477 2764 ed.
1502 2740 1558 2774 pr.
1675 2726 1770 2767 ὁπό-

107 2786 180 2825 σοι]
205 2779 334 2820 ὃπόσα
359 2796 401 2820 τε
426 2783 520 2819 coni.
604 2779 848 2826 α’ποτίθεντο,
873 2796 891 2820 ε
908 2794 952 2818 ex
970 2795 1006 2818 οι
1024 2793 1116 2820 corr.
1132 2785 1166 2818 A
1190 2779 1443 2821 ἆποτίθοιντο
1467 2784 1515 2819 W
1598 2788 1638 2821 19
1663 2787 1768 2822 *τῶν

106 2841 204 2875 νεῶν
224 2839 272 2874 W
361 2842 401 2875 21
427 2836 717 2886 προσελθόντεσ
742 2839 775 2873 Ε
867 2841 909 2873 22
933 2835 1056 2875 *τοὺσ
1079 2838 1321 2884 ἐννέμοντασ,
1346 2837 1439 2877 τοὺσ
1463 2839 1504 2876 ἐν
1525 2841 1551 2875 i.
1576 2852 1648 2876 ras.
1673 2853 1719 2877 m.
1747 2845 1766 2877 2

81 2894 140 2937 *A
257 2896 300 2929 23
329 2890 352 2941 ἣ
383 2915 427 2921 -
456 2892 654 2943 ἐπιτροφὴ]
686 2891 710 2932 ἃ
739 2892 931 2942 ἀρκοῦντα
963 2892 1025 2931 ἐπὶ
1055 2898 1180 2943 τροφῇ
1211 2895 1304 2931 duce
1327 2895 1497 2932 Ernestio
1521 2896 1680 2934 Dindorf

106 2949 251 2995 γίνοιτο
275 2949 323 2984 W

1811 321 1892 362 312

1809 661 1890 701 313

1809 864 1890 903 314

1794 1656 1886 1706 “316
