2074 3392
326 184 407 222 130
766 183 928 228 ANTIQ.
952 184 1048 220 IUD.
1073 184 1179 220 XVII
1203 188 1383 222 316—320
1408 190 1468 230 (xl.
1484 193 1513 220 3.
1528 190 1560 231 4)

324 297 485 352 νόμους
514 298 587 340 καὶ
619 300 791 354 σφαγῆς
822 294 1031 353 ἄρξαντες
1059 300 1147 341 τῶν
1176 299 1358 343 κωλύειν
1388 297 1647 356 ὑβρίζοντας
1667 304 1988 359 προμηθουμέ-

323 382 408 408 νων
440 361 605 422 ἀμύνης
623 367 858 421 γενομένης
879 363 1114 420 ἐγκαλοῖεν.
1174 365 1366 410 ἐνεκάλει
1397 367 1443 410 δὲ
1465 372 1810 423 νεωτεροποιίας
1839 363 1990 421 αὗτοῖς

322 434 396 475 καὶ
422 435 502 475 τοῦ
523 432 777 484 στασιάζειν
797 430 958 488 ἡδονὴν
981 427 1255 477 ἀπαιδευσία
1273 437 1351 478 τοῦ
1371 438 1629 478 πείθεσθαι
1650 435 1746 492 δίκῃ
1766 437 1840 479 καὶ
1861 441 2017 492 νομί-

320 516 425 554 μοις
454 497 542 543 ὑπὸ
573 503 652 543 τοῦ
681 502 834 543 θέλειν
872 498 928 542 τὰ
967 517 1118 543 παντα
1157 504 1293 545 νικᾶν.
1351 505 1492 546 ταῦτα
1527 503 1607 557 μὲν
1645 501 1720 546 οὖν
1750 503 1986 555 Νικόλαος.

208 571 290 611 317
435 572 475 610 4.
534 572 711 625 Καῖσαρ
744 563 785 610 δ
822 563 1014 618 ἀκούσας
1050 567 1220 612 διαλύει
1255 570 1335 624 μὲν
1372 570 1422 614 τὸ
1465 571 1712 627 συνέδριον,
1750 567 1911 628 ὀλίγων
1942 567 1984 615 δ’
2010 581 2035 616 Ε

319 632 493 692 ἡμερῶν
523 631 706 691 ὕστερον
731 631 970 691 Ἀρχέλαον
1007 637 1196 690 βασιλέα
1231 637 1311 692 μὲν
1350 634 1427 682 οὐκ
1463 635 1789 696 ἀποφαίνεται,
1830 641 1908 696 τῆς
1939 634 1982 682 δ’

318 701 514 760 ἡμίσεως
539 703 688 759 χώρας
717 699 832 760 ἤπερ
858 700 1028 760 Ἡρώδῃ
1059 701 1263 748 ὑπετέλει
1295 704 1512 763 ἐθνάρχην
1540 710 1827 759 καθίσταται,
1856 706 1988 763 τιμή-

319 786 413 814 σειν
444 767 665 826 άξιώματι
691 772 924 826 βασιλείας
952 768 1319 826 ὑπισχνούμενος,
1359 773 1486 830 είπερ
1516 774 1594 831 τὴν
1626 774 1689 825 εἰς
1720 770 1854 830 αὐτὴν
1884 769 1987 830 ἇρε-

208 842 288 883 318
319 838 398 895 τὴν
428 843 748 896 προσφέροιτο.
806 838 885 896 τὴν
917 835 961 882 δ)
997 839 1149 896 ἑτέραν
1180 836 1386 896 ἡμίσειαν
1407 845 1560 896 νείμας
1591 842 1689 899 διχῆ
1710 842 1834 886 δισὶν
1850 839 1987 899 Ἡρώ-
2032 897 2033 900 ¹

321 872 399 949 δόυ
429 909 589 950 παισὶν
621 906 829 963 ἑτέροις
816 907 1063 964 παρεδίδου
1098 909 1321 964 Φιλίππω
1351 909 1425 951 καὶ
1445 904 1635 968 Αντίπᾳ
1663 912 1727 966 τῶ
1748 908 1864 964 πρὸς
1885 905 1988 966 Ἀρ·
2011 934 2018 962 1

315 976 474 1028 χέλαον
512 975 589 1018 τὸν
628 974 823 1033 ἀδελφὸν
865 971 1256 1034 ἀμφισβητήσαντι
1302 977 1406 1032 περὶ
1443 979 1521 1034 τῆς
1557 973 1661 1036 σ’λης
1699 974 1845 1035 ἀρχῆς.
1912 980 1986 1021 καὶ

317 1042 460 1099 τούτω
490 1043 570 1097 μὲν
600 1038 626 1099 ἤ
657 1059 705 1086 τε
733 1047 920 1125 Περαία
940 1045 1014 1086 καὶ
1043 1042 1092 1087 τὸ
1127 1045 1368 1087 Γαλιλαῖον
1398 1041 1658 1098 υπετέλουν,
1699 1045 1818 1102 φορά
1856 1061 1905 1088 τε
1932 1035 1985 1101 ἦν

205 1113 287 1154 319
317 1110 514 1153 τάλαντα
545 1111 752 1154 διακόσια
771 1110 821 1154 τὸ
847 1107 920 1154 ἐπ’
947 1112 1057 1162 ἔτος.
1119 1116 1351 1155 Βαταναία
1373 1112 1421 1154 δὲ
1457 1111 1535 1155 σὺν
1561 1112 1761 1170 Τράχωνι
1790 1116 1864 1158 καὶ
1885 1109 1986 1156 Αὖ-

318 1188 487 1236 ρανῑτις
526 1179 604 1222 σύν
640 1196 727 1222 τινι
766 1182 890 1234 μέρει
932 1180 1053 1222 οἴκου
1091 1182 1170 1222 τοῦ
1200 1179 1466 1237 Ζηνοδώρου
1497 1182 1730 1236 λεγομένου
1763 1182 1985 1238 Φιλίππῳ

316 1246 512 1289 τάλαντα
550 1245 705 1290 ἑκατὸν
745 1250 1044 1305 προσέφερεν·
1089 1246 1145 1290 τὰ
1186 1244 1228 1290 δ)
1265 1244 1490 1305 Ἀρχελάῳ
1532 1250 1820 1293 συντελοῦντα
1852 1245 2033 1301 Ἰδού-’1

315 1320 446 1369 μαῖοί
473 1331 522 1357 τε
551 1317 626 1358 καὶ
649 1310 842 1358 Ιουδαία
871 1315 921 1359 τό
959 1332 1007 1358 τε
1036 1316 1373 1371 Σαμαρειτικόν.
1431 1316 1641 1374 τετάρτην
1671 1326 1833 1374 μοῖραν
1862 1313 1987 1362 οὗτοι

251 1409 254 1411 Δ
315 1385 402 1425 τῶν
438 1382 590 1440 φόρων
628 1384 934 1438 παραλέλυντο
966 1388 1196 1441 Καίσαρος
1235 1379 1385 1435 αἰτοῖς
1422 1383 1630 1442 κούφισιν
1668 1388 1984 1443 ψηφισαμένου
2016 1425 2017 1433 ,

205 1453 285 1493 320
318 1449 393 1493 δια
424 1451 474 1494 τὸ
505 1450 564 1508 μὴ
603 1454 937 1508 συναποστῆναι
974 1469 1026 1508 τῃ
1068 1453 1203 1509 λοιπῇ
1241 1451 1429 1509 πληθύι.
1488 1454 1561 1496 καὶ
1599 1451 1713 1509 ἦσαν
1751 1453 1908 1504 πόλεις
1937 1455 1986 1497 αἳ
2015 1467 2031 1493 <i

310 1514 537 1575 Ἀρχελάω
567 1516 808 1562 υπετέλουν
829 1519 1090 1575 Στράτωνός
1119 1537 1167 1563 τε
1197 1520 1362 1576 πύργος
1391 1521 1465 1564 καὶ
1487 1520 1685 1577 Σεβαστὴ
1720 1520 1798 1564 σὺν
1821 1517 1982 1579 Ἰόππῃ

315 1589 389 1630 καὶ
423 1584 764 1643 Ἱεροσολύμοις·
803 1587 948 1639 Γάζαν
984 1587 1068 1644 γὰρ
1106 1590 1180 1631 καὶ
1211 1587 1394 1644 Γάδαρα
1432 1590 1506 1632 καὶ
1525 1584 1708 1642 Ἵππον,
1743 1586 1987 1647 Ἑλληνίδες
2008 1586 2032 1634 ῚΞΙ

317 1655 428 1698 εἰσὶν
460 1655 630 1708 πόλεις,
662 1651 918 1712 ἀπορρήξας
957 1652 1090 1698 αὐτοῦ
1128 1659 1206 1714 τῆς
1237 1652 1490 1712 ἀκροάσεως
1520 1660 1683 1712 Συρίας
1720 1653 1984 1715 προσθήκην
2030 1676 2031 1679 ’

316 1733 530 1767 ποιεῖται.
591 1739 782 1805 προσηει
814 1724 862 1766 δε
887 1719 1111 1781 Ἁρχελάω
1150 1723 1269 1781 φορὰ
1297 1723 1533 1782 χρημάτων
1563 1725 1613 1769 τὸ
1645 1720 1744 1768 κατ’
1784 1723 1984 1768 ἐνιαυτὸν

314 1791 377 1842 εἷς
407 1791 604 1834 τάλαντα
635 1791 862 1879 ἑξακόσια
878 1791 925 1842 ἐξ
951 1795 1003 1847 ῆς
1033 1794 1285 1847 παρέλαβεν
1317 1788 1463 1879 ἀρχῆς.

425 1917 446 1960 ξ
473 1918 538 1950 316
564 1933 607 1944 =
632 1916 712 1952 bell
738 1916 815 1950 Iud.
840 1916 877 1950 II
902 1919 955 1952 93

425 2018 855 2054 PAMWELatZonaras
879 2019 897 2053 I
920 2031 956 2064 p.
982 2022 1059 2054 470.

426 2078 444 2109 2
469 2073 680 2121 ἐγκαλοῖεν]
707 2076 762 2110 ed.
781 2086 834 2120 pr.
852 2074 1049 2111 ἐνκαλοῖεν
1066 2078 1099 2111 Α
1122 2075 1163 2112 ἐν
1178 2079 1315 2112 καλοῖσ
1332 2075 1450 2111 PMW
1537 2080 1555 2111 3
1581 2072 1844 2127 *α’παιδευσίᾳ]
1871 2074 1982 2115 άπαι-

311 2133 459 2168 ὃευσιάν
484 2145 524 2168 τε
549 2133 581 2165 Α
675 2133 875 2168 πείσεσθαι
900 2132 1022 2167 MWE
1048 2129 1098 2179 μὴ
1124 2130 1284 2169 ἕπεσθαι
1307 2134 1340 2167 Α
1411 2134 1531 2170 *δι’κει
1557 2134 1604 2168 W
1706 2128 1844 2179 νόμοισ
1867 2134 1936 2170 AE

310 2191 330 2222 4
354 2189 378 2222 i.
404 2199 514 2232 marg.
541 2185 594 2234 ιγ’
619 2188 652 2222 Ε
746 2182 842 2225 *οὖν
868 2184 888 2224 ὃ
917 2187 1099 2225 νικόλαοσ
1124 2189 1163 2224 Μ
1256 2192 1274 2221 5
1301 2188 1339 2225 δὲ
1363 2189 1484 2223 AMW
1597 2190 1822 2238 συνέδρειον,
1847 2205 1868 2228 υ
1892 2203 1938 2228 ex
1961 2205 1980 2229 ε

310 2255 401 2281 corr.
427 2245 454 2279 P
548 2244 585 2281 δὲ
609 2244 732 2279 MWE
827 2248 847 2279 6
875 2247 946 2291 τῆς]
972 2249 1040 2282 τοῦ
1059 2245 1216 2280 AMWE
1309 2246 1347 2281 δὲ
1372 2245 1494 2280 MWE
1589 2249 1605 2279 7
1633 2243 1795 2293 ἧμίσεοσ
1818 2247 1935 2283 AWE

311 2304 381 2346 τῆσ
403 2298 538 2347 χώρασ
561 2301 718 2336 AMWE
812 2298 986 2348 *ἡρώδου
1010 2302 1038 2336 Ρ
1107 2300 1310 2349 ἐθνάρχην]
1334 2301 1376 2338 εἰ·
1399 2298 1498 2349 ιέρχῆ
1521 2303 1644 2338 MWE
1712 2307 1878 2341 καθιστᾶ
1901 2304 1935 2340 Ε

313 2362 332 2393 9
358 2358 396 2395 δὲ
421 2357 544 2392 MWE
686 2359 826 2402 νείμας]
852 2359 906 2394 ed.
932 2370 987 2403 pr.
1016 2361 1218 2403 νείμασθαι
1243 2360 1348 2394 codd.
1482 2363 1519 2394 10
1547 2355 1734 2411 *ἶ-Ιντίπςε]
1759 2356 1981 2409 άντιπάτρώ

1061 2418 1097 2439 Ul

310 2437 448 2472 PALat
580 2439 616 2471 12
643 2439 786 2474 *τοῦτο
813 2438 861 2474 W
976 2440 1093 2485 περίτι
1112 2438 1158 2472 W
1274 2440 1481 2484 γαλιλαίων
1505 2439 1537 2473 Ε
1656 2442 1695 2474 13
1722 2439 1802 2482 *δὲῙ
1827 2440 1868 2477 τὲ
1890 2440 1980 2476 MW

430 2490 614 2540 Τράχωνι]
642 2496 878 2541 maz-wazuh
903 2495 1134 2531 AMWELat
1241 2491 1447 2539 αὖρανίτιδι
1474 2495 1506 2530 Ε
1604 2499 1646 2530 14
1669 2492 1767 2532 *σὺν
1790 2499 1869 2543 τῆνι
1893 2496 1979 2542 μέρι

310 2551 337 2585 Ρ
431 2550 653 2596 *λεγομένω
679 2551 706 2586 Ρ
815 2555 853 2587 15
880 2552 918 2589 δὲ
941 2552 1064 2586 MWE
1166 2547 1386 2597 *άρχελάου
1409 2552 1437 2586 Ρ
1545 2551 1722 2596 ἰδουμαία
1746 2552 1979 2589 AMWELat

428 2610 468 2642 1ss
495 2605 775 2653 *σαμαριτικὸν
791 2608 818 2642 Ρ
913 2605 1098 2655 τετάρτην
1121 2613 1274 2655 μοῖραν]
1301 2609 1392 2644 coni.
1413 2620 1456 2644 ex
1474 2608 1555 2643 bell.
1573 2608 1649 2644 Iud.
1676 2606 1837 2655 τετάρτη
1859 2615 1977 2656 μοῖρα

310 2664 372 2699 ΡΑ
398 2662 559 2711 τετάρτη
583 2666 694 2709 μερίσ
718 2664 807 2699 MW
836 2662 1018 2712 τετάρτου
1040 2667 1152 2712 ,nepio
1177 2666 1209 2700 E
1333 2662 1544 2711 *τετάρτην
1570 2685 1609 2690 ——
1642 2668 1677 2699 17
1704 2665 1977 2711 παραλέλυντο]

311 2721 400 2756 luceo
424 2722 517 2756 enim
543 2720 702 2766 ῖειιίῃαίιι
725 2722 853 2766 fuerat
876 2727 1008 2767 quarta
1027 2728 1140 2768 parte
1161 2722 1393 2766 functionum
1419 2722 1490 2756 Lat
1630 2724 1668 2756 18
1693 2719 1879 2768 *πληθύει
1902 2721 1931 2757 Ρ

312 2785 426 2823 ’,τόλισ
451 2787 489 2822 Μ
610 2792 648 2824 19
674 2787 924 2834 *στράτοινόσ
947 2790 993 2825 W
1086 2784 1213 2836 ἰώππη
1237 2791 1266 2825 Ρ
1292 2776 1382 2835 ίόῖἶῖη
1406 2789 1438 2824 Ε
1464 2790 1547 2835 iope
1564 2789 1641 2825 cod.
1659 2789 1765 2825 ALat
1834 2793 1876 2824 20
1900 2787 1975 2827 Γά-

311 2846 391 2887 ζαν]
417 2843 510 2880 coni.
536 2843 633 2891 γάζα
657 2846 761 2881 codd.
781 2846 896 2881 ELat
1035 2840 1184 2888 Ἵππον]
1210 2848 1301 2882 coni.
1323 2844 1445 2882 ‘1'717100
1471 2846 1575 2881 codd.
1596 2845 1709 2881 ELat
1847 2849 1886 2881 ¹21
1907 2843 1975 2883 πό-

310 2903 396 2942 λεις]
421 2900 586 2936 οίιιὶίαιεε
610 2914 702 2947 quas
725 2902 798 2938 Lat
819 2900 954 2939 πόλεισ
978 2901 1027 2940 ὁὶσ
1053 2903 1085 2938 Ε
1161 2899 1290 2944 αὐτοῦ]
1315 2902 1466 2938 Hudson
1492 2898 1634 2939 αὖτοὺσ
1660 2902 1763 2938 codd.
1836 2898 1975 2950 ἄχροά·

311 2959 419 2998 σεως]
444 2953 569 3003 ἅκρασ
594 2956 668 2995 ξ’ωσ
694 2959 815 2994 AMW
909 2961 950 2993 22
976 2961 1164 3006 *προσείη
1188 2959 1216 2994 Ρ
