2054 3397
154 237 204 272 lV
883 236 1078 272 Praefatio.

211 351 253 392 R
283 371 339 384 =
370 351 504 394 codex
525 352 681 405 Regius
712 349 995 392 bibliothecae
1017 350 1235 394 Parisinae
1258 351 1472 394 maximae
1501 351 1609 394 inter
1638 364 1814 405 graecos

266 426 341 461 n10.
375 421 481 460 1423
521 418 699 472 scriptus
736 418 906 460 saeculo
944 419 1033 461 fere
1069 418 1170 461 XIV
1199 419 1242 460 in
1279 418 1558 473 pergamenis.
1628 418 1815 461 continet

268 487 425 528 bellum
455 485 672 528 Iudaicum
703 491 745 528 et
774 485 905 527 uitam
936 485 1118 540 Iosephi.

210 553 254 594 E
279 573 335 587 =
365 554 549 608 epitome
579 553 889 607 antiquitatum,
919 553 1037 596 cuius
1067 554 1251 596 maxime
1283 567 1382 597 usus
1412 567 1505 596 sum
1536 554 1680 597 codice
1709 554 1812 596 Bus-

267 622 466 676 bekiano,
498 623 567 675 qui
600 628 717 664 extat
747 621 789 662 in
822 620 1080 664 bibliotheca
1111 622 1322 665 Caesarea
1352 622 1670 665 Vindobonensi
1705 621 1815 664 inter

264 689 487 733 historicos
508 702 683 743 graecos
705 696 775 731 n10.
799 691 872 742 223
904 688 1114 731 interdum
1135 689 1178 731 in
1198 690 1432 733 subsidium
1454 690 1603 733 uocaui
1625 688 1813 732 codicem

266 758 594 800 Laurentianum
610 758 713 811 plut.
733 759 785 798 69
803 756 893 798 cod.
913 759 977 799 23.
1010 756 1094 800 uid.
1109 757 1162 800 de
1178 757 1244 800 his
1261 758 1342 800 uol.
1360 759 1380 800 I
1395 758 1527 812 praef.
1543 772 1584 812 p.
1599 756 1813 811 XVIIIsq.

267 825 354 867 uita
383 824 555 880 Iosephi
585 825 627 866 in
658 825 887 879 epitomam
917 829 1088 879 recepta
1116 838 1201 867 non
1232 829 1305 868 est.

209 892 297 932 Lat
325 912 381 926 =
412 894 550 936 uersio
573 893 738 947 Latina,
770 906 896 946 quam
927 905 1100 947 operam
1121 891 1233 945 dedi,
1265 897 1310 934 ut
1340 905 1394 935 ex
1423 891 1639 934 codicibus
1671 905 1811 935 emen-

265 960 471 1003 datiorem
488 961 701 1004 haberem.
761 961 850 1002 uita
878 961 1050 1014 Iosephi
1080 960 1210 1002 latine
1240 973 1323 1003 non
1344 964 1483 1014 extat3
1514 966 1737 1014 praeterea
1756 961 1813 1002 ab

264 1029 457 1072 omnibus
489 1042 594 1083 quos
624 1029 724 1072 noui
755 1028 971 1071 codicibus
1001 1028 1144 1071 latinis
1173 1028 1327 1071 absunt
1355 1027 1428 1069 lib.
1459 1027 1562 1070 XVI
1589 1043 1630 1083 p.
1662 1031 1728 1080 32,
1764 1032 1813 1070 15

262 1095 454 1147 πολλοὺς
484 1121 538 1127 -
568 1112 607 1152 p.
641 1101 706 1151 34,
733 1101 782 1138 14
815 1086 924 1152 ἦγεν.

207 1164 297 1206 Zon
327 1186 384 1199 =
413 1167 605 1208 Zonarae
636 1165 874 1220 chronicon,
906 1165 977 1218 qui
1008 1165 1050 1207 in
1082 1164 1146 1207 his
1178 1177 1344 1218 quoque
1365 1163 1536 1218 Iosephi
1564 1164 1682 1207 libris
1712 1177 1814 1207 usus

263 1239 327 1276 est
359 1234 555 1288 epitoma.

207 1302 302 1341 Eme
330 1321 386 1334 =
416 1303 629 1355 Excerpta
657 1300 930 1343 Peiresciana
961 1306 1002 1343 et
1032 1299 1268 1343 Vrsiniana.

207 1371 268 1411 ed.
297 1384 367 1424 pr.
398 1388 453 1401 --—-
483 1369 613 1411 editio
644 1369 839 1423 princeps
870 1369 925 1410 ab
956 1369 1130 1411 Arlenio
1162 1371 1319 1410 curata.

206 1436 379 1477 Ernesti
406 1437 671 1480 coniecturae
704 1440 849 1480 extant
886 1437 928 1479 in
964 1436 1331 1479 obseruationibus
1362 1434 1815 1489 philologico·criticis

258 1504 301 1547 in
333 1505 630 1560 Aristophanis
670 1506 805 1548 nubes
845 1510 886 1548 et
925 1504 1064 1548 Flauii
1103 1503 1274 1559 Iosephi
1313 1503 1588 1558 antiquitates
1616 1502 1814 1546 Iudaicas

259 1571 448 1627 (Lipsiae
485 1574 621 1627 1795).

206 1639 436 1680 Holwerda
467 1641 729 1684 coniecturas
759 1640 900 1684 emisit
929 1641 972 1683 in
1004 1639 1344 1684 emendationum
1376 1639 1658 1682 flauianarum
1677 1639 1812 1695 speci-

260 1708 371 1751 mine
402 1708 673 1751 Gorinchemi
707 1711 825 1751 1847.

204 1776 370 1817 Nabem‘
405 1776 722 1820 emendationes
761 1776 1026 1832 reperiuntur
1064 1777 1106 1819 in
1144 1777 1447 1831 Mnemosynae
1488 1775 1676 1818 Batauae
1716 1789 1813 1818 nou.

259 1858 339 1887 ser.
371 1844 453 1887 uol.
485 1845 589 1886 XIII
619 1859 659 1899 p.
693 1848 846 1898 352sq.

258 1957 391 2011 Signa
421 1958 591 2011 aliaque
621 1959 855 2013 scripturae
887 1957 1137 2013 compendia
1169 1956 1425 2012 explicanda
1455 1962 1552 2000 sunt
1582 1956 1706 1999 haec:

206 2065 227 2087 κε
259 2049 486 2091 asteriscus
518 2050 559 2091 in
590 2053 709 2091 textu
730 2049 838 2091 inter
859 2049 1028 2102 Iosephi
1052 2049 1179 2091 uerba
1202 2049 1363 2103 positus
1384 2048 1578 2090 lacunam
1600 2045 1812 2100 significat

259 2117 404 2159 uideri.
440 2117 552 2160 idem
574 2117 684 2160 notis
704 2117 848 2172 paullo
870 2129 998 2171 supra
1019 2129 1187 2159 uersum
1211 2117 1475 2171 praepositus
1493 2115 1628 2169 (uelut
1643 2112 1810 2169 *ἐχθρὰ

257 2185 362 2239 PW)
383 2184 438 2227 ad
461 2186 688 2240 epitomam
709 2190 893 2240 spectat3
927 2188 1102 2226 testatur
1133 2184 1245 2226 enim
1278 2198 1326 2226 eo
1349 2184 1440 2226 loco
1465 2183 1694 2238 epitomam
1717 2196 1810 2225 cum

257 2259 375 2296 textu
416 2254 662 2296 consentire.
723 2258 767 2294 at
804 2252 994 2296 codicum
1036 2253 1287 2296 lectionibus
1326 2252 1544 2294 immixtus
1585 2251 1811 2294 asteriscus

256 2322 440 2364 litteram
480 2335 652 2365 exesam
692 2321 831 2364 alioue
867 2334 967 2364 casu
999 2321 1224 2364 euanidam
1255 2321 1466 2374 signifieat
1494 2320 1628 2374 (uelut
1659 2317 1810 2374 ἐβασί-

255 2389 327 2430 λευ
345 2405 366 2427 *
383 2390 439 2441 ae).

200 2457 226 2508 ἦ·
258 2472 357 2500 crux
391 2458 432 2499 in
466 2462 582 2500 textu
615 2458 753 2512 posita
782 2457 1062 2511 corruptelam
1094 2457 1264 2499 indicat.

212 2549 219 2556 ·
249 2526 290 2567 in
322 2526 433 2567 notis
464 2526 572 2568 inter
602 2525 790 2568 codicum
818 2525 1021 2569 lectiones
1044 2526 1085 2566 in
1108 2525 1249 2568 media
1270 2525 1505 2567 litterarum
1534 2524 1603 2566 uia
1624 2522 1805 2578 positum

258 2594 441 2636 litteram
473 2607 636 2636 erasam
669 2593 879 2648 significat
909 2594 1042 2647 (uelut
1075 2592 1249 2648 Drya).

200 2663 238 2704 in
272 2666 388 2704 textu
420 2661 537 2704 uncis
571 2658 668 2716 ([1)
702 2662 864 2704 inclusa
893 2662 1037 2716 spuria
1067 2667 1139 2705 aut
1169 2666 1365 2716 suspecta
1397 2659 1603 2703 uidentur.

197 2746 247 2783 γρ
280 2731 320 2771 in
355 2729 571 2772 codicibus
603 2730 777 2772 iunctim
807 2730 1006 2784 scriptum
1039 2750 1093 2763 =
1122 2729 1353 2786 γράφεται.

200 2797 293 2838 add.
324 2817 378 2830 =
410 2797 532 2840 addit
562 2797 724 2840 addunt
754 2798 920 2840 similia.

200 2867 302 2906 coni.
336 2866 596 2908 coniecturas
628 2879 744 2908 meas
776 2866 997 2920 significat,
1032 2867 1109 2908 nisi
1142 2866 1250 2908 alius
1281 2870 1425 2906 auctor
1456 2864 1703 2905 nominatur.

199 2947 309 2972 ern-r.
343 2953 396 2966 =
427 2935 609 2976 correxit
640 2941 870 2976 correctum
903 2934 1069 2976 similia.

198 3015 316 3042 enan.
348 3021 402 3033 =
434 3003 604 3044 euanuit
635 3002 874 3045 cuanidum.
