2074 3392
172 321 225 363 30

169 659 218 700 31

169 1000 222 1040 32

168 1272 221 1313 33

167 1475 220 1516 34

165 1887 217 1928 35

257 207 337 246 216
756 210 916 255 ANTIQ.
942 211 1039 247 mn.
1065 212 1151 247 xlx
1177 215 1310 248 29-35
1336 217 1369 256 (ι.
1389 216 1420 258 5)

258 320 335 364 λεά
364 338 412 364 τε
443 321 591 365 ἐδίδου
621 321 676 364 τὰ
707 318 918 377 ὂνόιιατα,
949 325 1021 367 καὶ
1057 327 1195 369 ταῦτα
1233 327 1438 384 αἷσχύιης
1461 324 1664 372 ἀνάπλεα
1693 332 1767 374 καὶ
1788 334 1927 377 ταῦτα

256 388 478 445 ε’πρασσεν
517 385 651 440 αὗτὸς
690 407 766 433 ουκ
804 387 1141 448 ἀπηλλαγμένος
1181 394 1226 437 έν
1264 412 1396 438 τινων
1435 397 1632 446 τελεταῖς
1661 403 1926 456 μυστηρίων,
1980 445 1987 451 ,

256 455 308 506 ἃς
349 452 481 507 αἷτὸς
521 461 780 511 συνίστατο,
823 458 986 509 στολάς
1022 475 1071 502 τε
1101 459 1359 516 ἐνδυόμενος
1388 468 1660 519 γιιαικείοις
1689 469 1765 508 καί
1793 483 1926 511 τινων

255 527 518 579 περιθέσεις
548 526 836 580 πλοκαμίδων
868 525 1060 569 ἐπινοῶν
1093 524 1204 570 άλλα
1227 546 1275 572 τε
1296 527 1446 577 ὁπόσα
1468 530 1926 586 ἐπικαταψεύσασθαι

254 591 485 650 θηλύτητα
522 595 600 649 τῆς
631 590 781 649 ὅψεως
820 593 1015 648 ἔμελλεν,
1059 590 1190 646 αὐτὸς
1227 596 1304 654 τὴν
1345 597 1422 641 ἐπὶ
1460 599 1681 650 τοιούτοις
1721 600 1927 660 αἰσχύνην

255 657 419 714 ἐτόλμα
450 664 627 719 Χαιρέα
658 663 940 718 προσκαλεῖν.
999 666 1178 720 Χαιρέα
1208 663 1254 706 δὲ
1284 667 1356 709 καὶ
1393 663 1533 709 ὁπότε
1567 667 1648 721 μὲν
1687 670 1927 724 παραλαμ-

253 727 385 782 βάνοι
414 727 463 772 τὸ
498 739 678 809 σημεῖον
710 726 814 788 ὀργη
849 734 1115 785 παρίστατο,
1147 731 1359 785 μειζόνως
1389 730 1432 775 δ’
1469 731 1610 777 οπότε
1639 736 1925 795 παραδιδοίη,

253 796 500 852 γελώμενος
529 794 617 839 υπὸ
651 799 739 839 τῶν
774 797 1239 853 παραλαμβανόντων,
1280 795 1394 843 ω’στε
1431 803 1505 845 καὶ
1545 802 1587 845 οἱ
1628 804 1926 861 συγχιλίαρχοι

255 863 444 907 παιδιὰν
476 863 710 907 ἓποιοῦιτο
744 861 900 908 αυτόν·
932 863 1072 909 ὁπότε
1101 865 1184 922 γὰρ
1208 863 1339 918 αυτὸς
1358 870 1512 922 μέλλοι
1532 869 1581 913 τὸ
1606 880 1787 928 σημεῖον
1808 868 1921 929 παρ’

256 927 389 974 αἰτοῦ
410 935 639 987 Καίσαρος
669 932 876 986 κομίζειν,
908 930 1153 990 προυλεγόν
1183 951 1283 978 τινα
1313 937 1401 977 τιῦν
1432 935 1663 981 εἰωθότων
1691 942 1842 996 φέρειν
1864 940 1927 992 εἷς

254 999 456 1042 παιδιάν.
527 998 601 1042 διὰ
640 1002 780 1042 ταῦτα
821 1001 867 1044 δὲ
908 997 1027 1058 αυτιῦ
1065 1003 1138 1045 καὶ
1178 1002 1352 1072 θάρσος
1394 1008 1644 1059 παρίστατο
1689 1007 1925 1059 κοινωνούς

251 1083 376 1118 τινας
406 1067 796 1122 παραλαμβάνειν.
836 1065 896 1118 ὦς
928 1065 1003 1112 οἰκ
1035 1065 1109 1112 ἐπ
1146 1055 1313 1126 ὀλίγοις
1344 1065 1451 1128 ὄργη
1478 1071 1710 1127 χρώμενος.
1768 1077 1842 1119 καὶ
1872 1074 1924 1133 ἦν

251 1133 334 1192 γὰρ
365 1135 636 1191 Πομπήδιος
668 1136 950 1195 συγκλητικὸς
979 1141 1072 1192 μέν,
1109 1137 1189 1188 τὰς
1221 1133 1355 1193 ἀρχὰς
1386 1139 1433 1181 δὲ
1465 1139 1741 1198 διεληλυθώς
1772 1142 1926 1198 σχεδὸν

253 1200 447 1256 ἁπάσας,
475 1199 775 1285 Επικούρειρς
807 1201 847 1247 δ’
884 1202 1029 1256 ἄλλως
1058 1208 1132 1249 καὶ
1165 1201 1225 1249 δι’
1257 1201 1362 1249 αυτὸ
1387 1201 1672 1264 ἀπράγμονος
1693 1207 1925 1268 ἐπιτηδευ-

252 1270 331 1328 τὴς
360 1275 474 1326 βίου.
534 1274 690 1315 τοῦτον
714 1271 979 1316 ἐνδείκνυσιν
1005 1273 1211 1328 Τιμίδιος
1234 1273 1394 1329 εχθρὸς
1416 1292 1476 1318 ων
1498 1272 1559 1326 ὦς
1590 1277 1793 1336 λοιδορίᾳ
1819 1295 1926 1337 χρη-

253 1339 444 1393 σάμενον
486 1335 684 1393 ἀπρεπεῖ
722 1339 834 1382 κατὰ
874 1343 953 1383 τοῦ
985 1345 1024 1383 Γ
1023 1359 1123 1384 αιου
1162 1341 1362 1397 μάρτυρα
1393 1344 1758 1399 παραλαμβάνων
1788 1350 1925 1391 Κυιν-

250 1407 397 1449 τιλίαν
427 1416 610 1462 γυναῖκα
639 1410 727 1450 τιῦν
749 1407 825 1452 ἐπὶ
846 1411 924 1467 τῆς
945 1424 1102 1466 σκηνης
1123 1408 1368 1468 επιφανεία
1388 1413 1467 1454 τοῦ
1487 1408 1654 1468 ὦραίου
1676 1414 1926 1470 περισπού-

252 1474 414 1517 δαστον
443 1476 630 1525 πολλοῖς
658 1491 706 1518 τε
738 1466 873 1519 οὖσαν
904 1478 976 1520 καὶ
1006 1479 1070 1533 τῷ
1101 1478 1372 1536 Πομπηδίῳ.
1432 1481 1506 1523 καὶ
1544 1482 1622 1537 τῆς
1662 1476 1923 1538 ἀνθρώπου,

250 1541 417 1596 ψεῦδος
446 1541 528 1599 γὰρ
560 1533 633 1600 ἦν,
667 1543 812 1587 δεινὸν
842 1543 1083 1602 ἡγουμένης
1113 1550 1358 1602 μαρτυρίαν
1390 1545 1468 1591 ἐπὶ
1496 1548 1683 1606 θανάτῳ
1713 1552 1792 1593 τοῦ
1821 1548 1925 1607 ἔρα·

250 1612 356 1652 στοῦ
386 1621 645 1665 παρασχεῖν,
675 1612 883 1666 βασάνων
915 1613 1086 1670 ἔχρῃζεν
1118 1611 1140 1656 ὁ
1169 1614 1387 1668 Τιμίδιος,
1420 1617 1493 1659 καὶ
1516 1616 1653 1668 Γάιος
1682 1618 1924 1674 παρωξυμ-

247 1681 380 1732 μένος
409 1679 575 1722 κελεύει
604 1678 681 1722 τόν
712 1683 914 1736 Χαιρέαν
944 1681 1080 1738 μηδὲν
1111 1681 1174 1733 εἷς
1207 1678 1427 1737 ἀναβολάς
1459 1679 1559 1726 ἀλλ’
1591 1680 1762 1736 εὐθέως
1780 1689 1924 1740 βασα-

250 1745 381 1798 νίζειν
419 1746 495 1804 την
536 1749 816 1800 Κυιντιλίαν,
854 1748 1078 1805 χριόμενος
1117 1752 1181 1805 τῷ
1219 1754 1396 1808 Χαιρέᾳ
1434 1751 1549 1808 πρός
1588 1769 1637 1796 τε
1674 1753 1730 1796 τὰ
1761 1753 1923 1811 φονικὰ

249 1815 323 1856 καὶ
353 1811 505 1857 ὁπόσα
537 1815 849 1871 στρεβλώσεως
880 1817 1025 1860 δέοιτο
1056 1814 1144 1860 ὑπὸ
1176 1820 1255 1861 τοῦ
1286 1818 1478 1873 νομίζειν
1517 1815 1742 1878 ὠμότερον
1773 1821 1923 1866 διακο-

250 1881 469 1938 νήσεσθαι
500 1882 576 1938 τὴν
609 1884 835 1938 λοιδορίαν
867 1885 1087 1941 φεύγοντα
1115 1887 1193 1943 τῆς
1223 1887 1455 1940 μαλακίας.
1515 1890 1749 1932 Κυιντιλία
1778 1885 1819 1932 δ’
1844 1888 1922 1934 ἐπὶ

248 1948 326 2008 τὴν
364 1949 561 2005 βάσανον
601 1946 788 2008 ἀγομένη
830 1954 916 1995 τιῦν
958 1952 1226 2007 συνιστόρων
1270 1953 1390 2005 τινὸς
1435 1955 1658 2010 ἐπιβαίνει
1703 1959 1767 2012 τῷ
1811 1957 1920 2000 ποδὶ

250 2013 626 2076 ἀποσημαίνουσα
656 2022 846 2074 θαρσεῖν
877 2022 948 2063 καὶ
981 2019 1038 2076 μὴ
1062 2019 1142 2071 τὰς
1162 2021 1384 2075 βασάνους
1406 2019 1540 2080 αὐτῆς
1562 2024 1774 2067 δεδιέναι·
1808 2024 1921 2067 διοί-

361 2163 517 2199 AMWE
529 2165 599 2200 Lat

362 2224 378 2256 1
404 2219 539 2263 ἐδίδου]
564 2219 689 2258 ἐκάλει
715 2222 747 2257 Ε
827 2220 898 2259 *τὸ
927 2221 1051 2267 ὄνομα
1077 2223 1164 2258 MW
1245 2227 1337 2259 *καὶ
1361 2227 1480 2261 ταῦτα
1506 2221 1710 2272 ἔπρασσεν]
1735 2224 1922 2275 πράσσειν

246 2277 340 2312 coni.
416 2280 434 2312 2
461 2275 530 2314 *ἔν
557 2282 682 2321 τινων]
707 2275 879 2323 ἕντιμων,
903 2294 930 2324 μ
954 2291 999 2315 ex
1025 2294 1044 2315 ν
1069 2291 1176 2324 corr„
1201 2281 1224 2315 i.
1250 2291 1360 2326 marg.
1385 2295 1433 2328 γρ
1459 2282 1604 2326 ατίμων
1627 2284 1661 2318 A
1739 2286 1758 2319 3
1785 2298 1825 2321 τε
1851 2295 1918 2321 om.

244 2356 367 2390 MWE
460 2359 680 2403 γυναικείασ
706 2363 770 2396 (ασ
793 2369 838 2393 ex
855 2371 918 2395 αισ
936 2369 1029 2395 corr.
1053 2362 1098 2401 A)
1123 2360 1192 2395 ΑΕ
1286 2364 1304 2394 ἶ)
1331 2358 1489 2405 ἔμελλον
1513 2361 1546 2396 Ε
1640 2364 1659 2396 6
1685 2343 1921 2407 *προσκαλεῖν

244 2414 277 2447 A
377 2413 538 2459 χαιρέασ
561 2414 758 2450 AWELat
859 2416 1037 2466 *Χαιρέᾳ
1069 2437 1104 2441 -
1132 2420 1150 2451 S
1176 2415 1573 2464 παραλαμβανόντων]
1605 2417 1778 2455 chaereas
1801 2425 1919 2457 autem

246 2469 394 2514 quando
420 2469 508 2505 Ilaec
533 2471 745 2505 uestimenta
772 2483 900 2507 caesar
922 2474 1085 2508 sumebat
1109 2473 1360 2519 indifflmtc'one
1382 2474 1594 2519 ferebatur,
1619 2477 1778 2513 maxime
1800 2483 1919 2514 antem

245 2537 324 2560 cum
356 2526 421 2561 illa
454 2527 665 2561 uestimenta
701 2527 875 2563 ministris
906 2529 1142 2574 irrepentibus
1175 2529 1341 2564 redderet
1372 2529 1443 2564 Lat
1582 2533 1599 2564 ἰ’
1627 2529 1733 2578 ὀργὴ]
1767 2533 1919 2570 Hudson

247 2577 343 2629 ὀργῆ
367 2583 471 2618 codd.
497 2583 530 2618 E
634 2584 702 2619 *δὲ
726 2584 812 2618 MW
929 2589 947 2620 S
974 2586 1009 2622 οὶ
1033 2587 1222 2632 χιλίαρχοι
1250 2586 1364 2621 ELat
1479 2590 1498 2620 9
1524 2582 1618 2630 παρ>
1645 2584 1762 2626 αὐτοῦ
1786 2587 1832 2627 τὸ
1858 2603 1918 2638 ση-

244 2645 354 2683 μεῖον
378 2642 423 2674 tr.
451 2640 487 2673 M
584 2636 681 2687 παρ’
708 2636 837 2681 αὐτοῦ]
864 2639 970 2688 παρὰ
996 2646 1063 2679 τοῦ
1090 2643 1234 2688 Cocceji
1354 2646 1393 2678 10
1423 2644 1631 2689 Καίσαρος]
1659 2647 1702 2690 τῆ
1725 2647 1918 2695 καίσαροσ

244 2697 332 2730 MW
431 2701 464 2732 11
495 2694 656 2744 θάρσος]
678 2697 816 2742 fidncia
841 2699 958 2733 maior
982 2699 1054 2734 Lat
1163 2703 1202 2735 12
1230 2695 1386 2746 ὀλίγοις]
1412 2695 1572 2746 didymo
1598 2699 1684 2735 MW
1710 2705 1830 2738 causis
1853 2705 1917 2739 mi-

244 2754 394 2788 noribus
417 2753 488 2789 Lat
583 2756 621 2789 13
649 2751 897 2800 *πομπήΙιόσ
914 2757 962 2790 A¹
985 2755 1195 2802 pompia'ius
1219 2756 1290 2791 Lat
1387 2759 1425 2790 Η
1450 2754 1730 2802 *ἐπικούρειοσ,
1755 2773 1785 2795 ει
1803 2760 1827 2795 i.
1844 2771 1916 2797 ras.

245 2810 276 2844 A
301 2807 523 2855 ἐπικοὺριοσ
548 2809 635 2843 MW
744 2811 782 2847 δὲ
808 2811 930 2846 MWE
1042 2815 1080 2847 15
1106 2810 1377 2858 *χρησάμει-οσ
1402 2812 1489 2846 MW
1586 2816 1624 2847 1‹·›
1652 2818 1718 2851 τοῦ
1745 2826 1812 2851 om.
1839 2817 1872 2852 E

243 2867 456 2901 κυϊντελίαν
480 2867 558 2901 cod.
585 2867 697 2903 Laur.
723 2868 755 2903 E
855 2871 894 2902 lS
920 2869 1134 2915 *pomplclio
1159 2869 1230 2904 Lat
1326 2873 1366 2904 19
1393 2866 1593 2905 *θανάτου
1616 2871 1649 2905 A
1742 2874 1779 2907 21
1808 2874 1917 2919 *χαι-

246 2922 347 2966 ρίαν,
374 2937 410 2957 αι
436 2923 458 2957 i.
487 2934 558 2958 ras.
585 2923 622 2957 M
732 2928 773 2959 22
801 2926 1058 2961 *κυϊντιλλίαν
1082 2927 1115 2960 A
1144 2927 1336 2961 κυνῑιλίαν
1362 2926 1396 2959 Μ
1429 2925 1634 2970 quintillam
1660 2927 1738 2963 cod.
1766 2928 1871 2965 ALat

246 2982 287 3014 24
315 2981 545 3014 *κυϊντιλλιά
571 2982 599 3017 (ι’
621 2980 739 3025 suppl.
767 2981 839 3016 uid.
867 2981 919 3022 M)
944 2981 1016 3016 AM
1109 2982 1147 3018 δὲ
1174 2982 1295 3017 MWE
1388 2985 1430 3016 26
1457 2980 1574 3018 οἷ’σειι·
1599 2983 1631 3018 Ε
