2051 3397
535 211 696 255 ANTxQ.
722 210 818 247 ιυι).
844 209 946 245 xvn
972 211 1150 244 200-205
1174 210 1258 251 (vm.
1279 210 1310 249 ι)
1676 203 1752 241 107

92 332 288 389 χρῆσθαι
319 337 416 378 ταῖς
447 324 697 383 εὐφημίαις.
757 320 779 365 ὃ
805 323 847 365 δὲ
874 323 947 366 ἐπὶ
974 319 1144 380 ὑψηλὸν
1163 324 1282 378 βῆμα
1305 316 1607 376 πεποιημένον
1629 314 1755 361 ἆνελ-
1787 321 1862 361 201

95 397 196 441 θιὺν
231 413 300 440 και
340 395 538 451 ἱδριθεὶς
572 391 635 442 εἰς
670 391 835 446 θρόνον
862 393 1048 445 χρισοῦν
1080 387 1414 446 [πεποιημένον]
1454 386 1756 438 ιἰιτεδεξιοιζτο

95 464 199 515 τοὺς
228 462 410 518 ὁμίλους
437 459 630 515 χάριιατι
661 461 748 501 τῶν
779 455 1007 516 εἰιῙημιιῖν
1037 457 1115 514 τὴν
1147 454 1320 499 εὔνοιαν
1352 452 1495 498 azuba
1523 452 1657 511 ἡδονῇ
1681 453 1757 511 qi-

96 549 197 587 ρων,
226 531 353 586 χάριι
382 545 429 571 τε
459 525 698 583 ὡμολόγει,
743 525 856 568 διοίι
896 526 1031 583 μηδὲν
1068 521 1186 580 αι’·ιιῖ
1216 533 1522 582 μνησικακοῖεν
1555 518 1661 564 ἀν’-Ἰ
1697 538 1758 563 ων

45 610 66 642 ὅ
95 596 118 643 o‘
153 597 299 654 πατὴρ
331 596 392 648 εἰς
424 592 581 645 αἰτοὶς
614 592 831 649 [βρίσειεν
863 611 931 636 και
966 593 1268 648 τειράσεσθαι
1298 591 1356 650 μὴ
1387 591 1609 643 ἐλλείψειν
1631 586 1758 643 ιἰιιει-

93 666 282 722 βόμενον
318 663 368 707 τὸ
411 659 649 719 ιτρόθυμον
689 658 844 704 αι’τιῦι.
906 659 1005 716 α’ρτι
1043 661 1193 716 μὲιτοι
1233 658 1374 751 φειδιζι)
1412 662 1650 702 ποιεῖσθαι
1680 660 1757 699 τοιζ·
1790 658 1871 698 202

93 735 323 790 βασιλείου
362 728 600 785 οιόιιατος
640 732 908 808 τετιμῆσθαι
940 746 1022 785 γαρ
1055 726 1187 771 αι’τὸι
1225 723 1336 785 τῆἆ
1342 723 1489 778 ξιωσει
1535 726 1573 769 ὅ
1565 742 1647 781 τερ
1683 730 1758 779 ρἐ-

93 805 235 858 βαίως
266 805 440 854 Καῖσαρ
473 799 503 841 ε’
504 813 758 852 ιικιρωσειε
791 797 871 847 τὰς
893 797 1125 854 διαθήκας,
1159 814 1201 838 αι
1229 794 1264 838 ὖι
1261 794 1314 838 τὸ
1339 797 1416 838 τοῦ
1439 792 1610 850 πατρὸς
1632 792 1758 849 εγρά-

96 884 244 929 φησαν
276 864 429 910 αὐτοῦ·
472 862 532 909 δι’
579 866 627 923 ἣν
665 866 812 908 αἰτίαν
845 862 945 907 οὐδὲ
976 867 1052 907 τοῦ
1084 864 1410 919 στρατεύματος
1441 862 1485 905 ἐν
1511 859 1761 917 Ἱεριχοῦντι

27 944 67 981 1⁰
93 936 143 981 τὸ
177 936 370 994 διάδημα
403 932 519 991 αὐτῷ
554 937 831 989 περιθέσθαι
872 935 1245 988 προθυμουμένου
1287 931 1506 981 δέξασθαι
1543 929 1593 972 τὸ
1633 945 1759 985 περι-

95 1004 288 1062 μάχητον
319 1006 394 1059 τῆς
427 1002 606 1046 ειηθέιδε
636 1005 765 1058 11111J5·
797 1001 870 1044 δια
902 1001 950 1043 τὸ
973 1000 1158 1057 μηδέπω
1183 999 1261 1042 τὸν
1282 1003 1441 1053 κυρίως
1464 995 1761 1041 ἀποδώσοντα

95 1070 288 1131 φανερὸν
328 1069 439 1114 εἶναι
483 1070 831 1126 ιταρασχόιιειοι.
892 1068 1156 1123 περιιόντων
1194 1070 1272 1121 μέν
1316 1083 1363 1122 γε
1403 1066 1465 1116 εἷς
1505 1062 1636 1109 αυτὸν
1675 1067 1762 1108 τιῦν
1794 1066 1875 1105 203

97 1140 370 1198 πραγμάτων
402 1156 450 1181 ου
484 1140 656 1193 λειψειν
689 1134 845 1215 αρετῆς
866 1138 941 1178 τοῦ
965 1132 1269 1190 ἀμειψομένου
1298 1134 1377 1192 τὴν
1399 1131 1572 1178 εἰνοιαν
1596 1129 1760 1176 αυτιῦν·

97 1207 371 1253 σπουδάσειν
410 1223 491 1262 γαρ
534 1222 577 1248 εν
616 1207 755 1248 πᾶσιν
786 1204 840 1246 τὰ
872 1203 984 1259 πρὸς
1016 1202 1173 1253 αὐτοὺς
1205 1206 1453 1260 φανεῖσθαι
1483 1204 1561 1245 τοῦ
1591 1199 1764 1256 πατρὸς

29 1285 67 1318 15
97 1272 288 1332 ἀμείνων
319 1274 373 1317 τὰ
406 1274 566 1316 πάντα.
629 1273 669 1315 οἱ
703 1273 748 1315 δὲ
780 1271 873 1315 οἷον
904 1268 1030 1324 ὄχλος
1062 1271 1236 1323 εἴωθεν,
1270 1272 1416 1328 φιλεῖν
1456 1269 1654 1323 οἰόμενοι
1684 1265 1764 1316 τὰς
1795 1270 1875 1309 204

99 1343 281 1400 πρώτας
312 1340 422 1385 εἶναι
456 1344 542 1384 τῶν
575 1338 745 1397 ἡμερῶν
776 1338 855 1390 τὰς
887 1340 1086 1389 διανοίας
1118 1338 1371 1396 ἐμφανίζειν
1400 1340 1488 1380 τῶν
1511 1336 1765 1393 παριόντων

99 1411 175 1456 ἐπὶ
205 1410 387 1454 τοιάσδε
419 1406 565 1464 ἀρχάς,
597 1403 690 1464 ὅσῳ
722 1407 878 1486 πρᾴως
908 1409 978 1450 καὶ
1003 1409 1337 1462 θεραπευτικῶς
1367 1403 1389 1448 0‘
1409 1401 1645 1459 Ἀρχέλαος
1676 1404 1766 1445 διε-

100 1480 247 1535 λέγετο
280 1475 441 1529 αἰτοῖς,
472 1476 643 1532 τοσῷδε
672 1475 884 1530 ιιειζόνως
912 1492 958 1518 τε
990 1474 1177 1530 εχριῦντο
1204 1483 1298 1524 τοῖς
1328 1473 1531 1523 ἐπαίνοις
1560 1473 1634 1514 καὶ
1655 1469 1765 1513 κατὰ

101 1545 298 1603 αἰτήσεις
330 1546 505 1600 δωρεῶν
537 1544 831 1600 ετετράφατο,
873 1560 914 1585 οι
954 1543 1033 1597 μὲν
1073 1541 1288 1599 εισφορὰς
1319 1541 1371 1592 ἃς
1407 1540 1654 1591 ἕιιαισίοις
1685 1542 1766 1596 φέ-

30 1621 69 1656 Ἇ)
100 1629 218 1669 ροιεν
251 1611 553 1669 ειτικοιφίζειν
583 1613 665 1667 ρόἦ
693 1610 923 1688 χριύιιειοι,
956 1610 998 1652 οἱ
1031 1610 1076 1652 δὲ
1101 1608 1153 1652 αι’·
1177 1610 1426 1663 δεσιιωτιῦν,
1460 1625 1501 1651 οι
1526 1603 1602 1665 ὑφ’
1625 1605 1766 1662 Ἡρώ-

101 1682 179 1725 δου
210 1679 420 1732 ἐδέδεντο
453 1680 613 1722 πολλοὶ
646 1679 692 1721 δὲ
718 1676 830 1736 ἦσαν
851 1674 957 1720 ·7.c'‹7.
950 1678 1130 1720 Πτολλιῦν
1148 1676 1388 1732 χρόνων,α
1362 1672 1594 1719 andi-‚Low
1655 1675 1767 1717 εισὶν
1799 1679 1880 1718 205

101 1749 149 1792 δὲ
179 1750 222 1792 οἳ
254 1744 405 1804 ὄῖρσεις
433 1749 521 1789 τιῦν
550 1747 687 1789 τελιῦν
720 1744 746 1787 ἃ
778 1745 852 1788 ἐπὶ
884 1744 1103 1801 πράσεσιν
1123 1737 1150 1800 ἢ
1172 1740 1306 1794 ὠναῖς
1328 1743 1495 1798 επεβάλ
1500 1744 1597 1786 λετο
1619 1757 1768 1798 πρασ-

216 1862 237 1903 ς·
265 1863 329 1896 201
355 1877 398 1889 =
423 1857 505 1894 beu
530 1857 608 1892 Iud
633 1857 670 1891 11
695 1859 725 1891 2.

212 1961 425 1998 PAMELat
438 1961 600 1997 Zonaras
625 1960 642 1995 I
666 1971 701 2004 p.
727 1962 805 1994 465

217 2022 232 2053 1
259 2017 334 2060 ἐπὶ]
360 2018 416 2054 εἰσ
440 2017 472 2053 Ε
555 2013 728 2064 *υψηλοῦ
752 2015 791 2050 Μ
883 2018 903 2050 2
928 2017 1092 2062 *χρυσοῦ
1116 2014 1173 2049 ed.
1198 2025 1253 2058 pr.
1323 2017 1490 2060 χρυσοῦν
1515 2013 1772 2060 πεποιημένον

103 2085 172 2110 om.
196 2073 236 2108 Μ
306 2074 562 2120 πεποιημένον
587 2085 654 2110 om.
682 2073 714 2107 E
785 2074 804 2107 3
829 2068 1025 2117 *ὃμίλους]
1051 2073 1190 2118 φίλουσ
1213 2070 1252 2105 Μ
1322 2074 1342 2106 4
1368 2067 1598 2117 *ὠμολόγει]
1627 2073 1773 2114 ωμολο-

104 2137 185 2178 γεῖν
207 2131 236 2166 Ρ
261 2133 299 2166 et
321 2134 363 2166 ut
379 2131 451 2166 uid.
477 2130 550 2166 Lat
663 2127 770 2172 διότι]
799 2122 857 2166 ὅτι
882 2128 915 2163 Ε
1008 2130 1339 2174 *μνησικακωοῖεν
1362 2127 1390 2162 Ρ
1496 2130 1515 2161 5
1541 2123 1770 2174 *ὕβρίσειενΙ

103 2183 335 2235 ὖβρίσεσθαι
358 2186 398 2220 Μ
501 2183 759 2233 πειράσασθαι
785 2185 818 2220 Ε
920 2189 937 2220 7
964 2187 1215 2232 *τετιμῆσθαι
1241 2205 1283 2210 -
1310 2188 1330 2219 9
1358 2179 1484 2226 αὐτοῦ]
1509 2183 1683 2228 sufficere
1706 2183 1778 2218 sibi

106 2243 318 2288 diqnitatem
338 2243 530 2289 potestatis
554 2243 689 2284 aiebat,
723 2253 829 2288 quam
856 2248 941 2277 tunc
961 2242 1105 2286 firmam
1130 2251 1207 2276 esse
1231 2240 1391 2282 dicebat,
1416 2250 1498 2275 cum
1525 2244 1774 2275 testamentmn

107 2310 131 2333 a
147 2302 259 2345 patre
282 2299 457 2344 scriptum
482 2310 504 2333 a
529 2308 676 2334 caesare
697 2298 906 2342 firmaretur
930 2298 1002 2334 Lat
1106 2290 1216 2343 ὅπερ]
1243 2291 1354 2334 ὅπωσ
1378 2296 1452 2332 ΑΜ
1477 2293 1584 2343 εἴπερ
1609 2295 1641 2330 Ε
1668 2294 1775 2332 οὔπω

109 2355 201 2391 coni.
303 2357 388 2400 post
410 2355 605 2401 *βεβαίως
628 2353 711 2389 fort.
734 2354 965 2390 inserendum
990 2352 1061 2396 ἕως
1179 2358 1198 2389 9
1225 2349 1344 2390 αὐτοῦ
1368 2353 1401 2388 Ε
1518 2356 1556 2388 11
1586 2351 1775 2393 *gr-9576&

108 2409 220 2448 ἔνθεν
243 2411 282 2446 Μ
360 2412 400 2444 12
425 2407 663 2457 περιιόντων]
689 2410 879 2446 EErnesti
903 2409 1118 2458 περιόντων
1141 2411 1245 2446 codd.
1272 2421 1351 2445 cum
1377 2431 1420 2434 —
1445 2409 1634 2445 adueniret
1657 2408 1728 2444 Lat

108 2465 212 2513 *μέν1
235 2464 367 2513 μέντοι
394 2466 486 2502 coni.
562 2468 601 2500 13
627 2467 752 2512 λίψειν
775 2466 804 2501 Ρ
897 2463 1162 2514 ἁμειψαμένου
1183 2467 1213 2502 Ρ
1309 2470 1349 2501 15
1380 2463 1426 2503 τὰ
1451 2463 1576 2503 πάντα
1603 2475 1670 2500 om.
1696 2465 1729 2499 E

108 2522 246 2562 εἴωθεν
270 2526 403 2570 φιλεῖν]
429 2526 531 2569 φιλεῖ
551 2522 700 2558 Ernesti
723 2524 910 2558 consueuit
933 2523 1005 2558 Lat
1120 2527 1160 2559 16
1187 2521 1282 2560 εἶναι
1307 2535 1375 2559 om.
1401 2523 1457 2558 ed.
1483 2534 1539 2568 pr.
1648 2523 1687 2557 18
1714 2534 1776 2557 το-

108 2583 231 2618 σῶσδε
255 2579 361 2615 ΑΜΕ
488 2575 586 2616 κατὰ
613 2589 680 2614 om.
704 2579 737 2613 E
871 2582 911 2615 19
937 2582 1090 2627 δωρεῶν
1115 2578 1284 2624 αἰτήσεισ
1306 2583 1350 2616 tr.
1375 2581 1408 2615 E
1523 2575 1777 2624 ἐτετράφατο]

109 2637 205 2674 coni.
238 2633 479 2683 ἐγεγράφατο
508 2635 537 2670 Ρ
571 2632 828 2682 ἐπεγράφετο,
863 2635 886 2670 i.
914 2646 1025 2681 marg.
1055 2650 1102 2684 γρ
1131 2634 1400 2682 ἐπεγράφοντο
1424 2633 1448 2682 ἢ
1476 2631 1713 2680 ἐπεφέροντο
1748 2634 1782 2667 A

107 2690 346 2740 ἐπεφέροντο
373 2692 412 2727 Μ
442 2689 634 2738 ἐπέφερον
659 2691 692 2726 Ε
723 2696 916 2726 uertuntur
940 2692 1011 2727 Lat
1153 2691 1219 2728 *οἳ
1243 2693 1312 2737 μὲν
1342 2713 1387 2717 -
1412 2695 1454 2726 20
1476 2688 1681 2737 χρώμενοι]
1717 2689 1783 2725 alii

108 2750 253 2797 quidem
275 2748 506 2794 functionum
528 2747 758 2794 publicarum
783 2747 1036 2793 leuiqationem
1061 2759 1139 2783 cum
1166 2748 1324 2783 clamore
1347 2747 1590 2795 postulabant
1612 2746 1685 2781 Lat

110 2801 184 2848 *ἃς
207 2815 275 2840 om.
299 2805 328 2840 P
467 2806 506 2838 21
534 2799 619 2846 κᾶκ]
644 2806 707 2840 καὶ
723 2803 856 2838 A¹ME
879 2806 943 2839 καὶ
966 2802 1009 2840 ἐκ
1033 2815 1078 2839 ex
1103 2814 1194 2840 corr,
1221 2805 1254 2839 A
1390 2805 1433 2838 22
1460 2801 1508 2844 οἳ]
1531 2804 1596 2838 καὶ
1620 2800 1657 2838 οἳ
1680 2801 1713 2836 Ε

111 2864 190 2899 τῶν
212 2863 332 2898 τελῶν
356 2857 393 2903 οἳ]
418 2856 488 2896 τὸν
512 2858 659 2897 τέλωνα
683 2859 712 2895 Ρ
839 2857 1024 2907 πράσεσιν
1046 2857 1070 2906 ἢ
1094 2855 1220 2902 ω’ναῖς]
1245 2861 1284 2894 in
1308 2859 1547 2906 emptionibus
1571 2864 1604 2894 et
1625 2859 1783 2906 publicis

111 2915 282 2952 nundinis
305 2916 376 2952 Lat
521 2912 648 2959 ω’ναῖς]
680 2912 800 2952 ὠναῖσ
830 2912 1021 2962 ἡμισείαισ
1043 2915 1151 2951 ΑΜΕ
1186 2912 1303 2959 ω’ναῖς
1326 2917 1522 2963 δημοσίαις
1547 2915 1692 2960 Cocceji

111 2969 404 3020 *πρασσόμεναι
427 2972 456 3008 Ρ
