2074 3392
251 214 334 252 360
770 213 967 250 IOSEPHI
988 213 1110 249 VITA
1133 216 1311 250 228—233
1337 215 1406 258 (45)

257 343 366 371 στον
390 344 442 370 αι
447 343 533 369 των
553 328 727 369 πιστῶν
748 324 986 370 ὁπλιτῶν(
973 326 1048 369 ε’να
1077 327 1469 408 παραφυλάξοντα,
1501 328 1558 385 μή
1589 345 1658 380 τις
1686 338 1782 380 τοῖς
1811 346 1927 386 πεμ-

262 398 451 453 φθεῖσιν
488 389 570 436 ὕπ’
596 392 704 448 ἐμοῦ
743 392 860 449 πρὸς
895 409 1000 444 τους
1038 396 1142 450 περὶ
1179 393 1257 438 τὸν
1288 391 1504 454 Ιωνάθην
1543 393 1698 451 ὁμιλία
1735 398 1926 454 γένηται.

146 472 230 513 229
261 463 335 505 καὶ
375 462 419 504 οἱ
457 461 536 516 μὲν
576 460 903 519 ἐπορεύθησαν.
965 461 1008 504 οἱ
1049 461 1097 504 δὲ
1133 464 1240 519 περὶ
1275 462 1353 506 τὸν
1377 459 1594 521 Ἰωνάθην
1630 466 1708 522 τῆς
1746 463 1928 522 πρώτης

261 534 422 585 πείρας
454 526 725 586 ἁμαρτόντες
756 529 908 585 ἑτέραν
939 528 1180 585 ἐπιστολήν
1210 547 1290 584 μοι
1317 532 1524 590 τοιαύτην
1550 531 1780 587 ἔπεμψαν·
1810 527 1928 585 ,,Ἰω-

256 597 418 667 ονάθης
447 599 522 641 καὶ
544 598 586 640 οἳ
608 596 686 641 σὺν
708 593 825 654 αὐτῷ
843 593 1045 654 Ἰωσήπῳ
1071 601 1258 653 χαίρειν.
1306 601 1665 656 παραγγέλλομέν
1696 614 1770 643 σοι
1793 600 1931 657 χωρὶς

270 666 436 709 (πλιτιῖ
439 683 461 708 ν
492 664 555 716 εἷς
574 669 725 723 τρίτην
754 668 1095 722 παραγενέσθαι
1124 664 1240 721 πρὸς
1269 663 1383 724 ἡμᾶς
1414 667 1476 718 εἷς
1507 666 1737 724 Γαβαρὼθ
1764 666 1928 726 κώμην,

258 733 333 776 ι’να
375 732 676 788 διακούσωμεν
717 736 805 776 τῶν
844 732 960 789 πρὸς
982 729 1186 790 Ιωάννην
1227 732 1507 791 ἐγκλημάτων
1541 750 1613 779 σοι
1643 735 1930 792 γεγονότων.“

147 811 229 852 230
259 819 400 845 ταυτα
429 801 682 857 γράψαντες
716 802 788 844 καὶ
831 796 1144 855 ἀσπασάμενοι
1179 818 1283 852 τους
1315 803 1601 856 Γαλιλαίους,
1642 802 1718 854 οὓς
1746 801 1930 858 πεπόμ-
1968 839 1969 843 ,
2027 800 2029 806 ¹

261 885 376 943 φειν,
410 864 626 926 ἀφίκοντο
658 869 721 920 εἰς
746 865 900 926 Ἰαφὰν
929 868 1078 927 κώμην
1108 873 1317 927 μεγίστην
1348 868 1484 913 οὖσαν
1513 873 1602 914 τῶν
1632 870 1678 914 ἐν
1706 873 1760 928 τῆ
1792 874 1834 914 Γ
1831 871 1930 915 αλι-
1964 898 1970 903 -
2028 887 2031 915 ι

260 938 388 993 λαία,
426 940 615 989 τείχεσιν
655 931 935 993 ὀχυρωτάτην
963 937 1037 979 καὶ
1067 937 1274 980 πολλῶν
1282 936 1523 995 οἰκητόρων
1552 938 1730 996 μεστήν.
1787 935 1930 996 ὖπην-
1971 968 1974 974 -

259 1003 406 1056 τίαζεν
438 1003 486 1046 δὲ
515 1002 565 1046 τὸ
598 1004 780 1060 πλῆθος
811 999 970 1054 αὐτοὺς
998 1002 1111 1058 μετὰ
1140 1007 1354 1061 γυναικῶν
1384 1007 1457 1049 καὶ
1494 1008 1654 1049 τέκνων
1687 1008 1763 1050 καὶ
1801 1022 1930 1050 κατε-

257 1071 377 1126 βόων
421 1070 670 1122 κελεύοντες
721 1067 906 1116 ἀπιέναι
949 1073 1023 1115 καὶ
1077 1071 1136 1130 μὴ
1191 1076 1382 1130 φθονεῖν
1436 1068 1585 1124 αὐτοῖς
1631 1069 1807 1130 ἀγαθοῦ
1849 1075 1930 1118 τοῦ

148 1149 225 1190 231
262 1141 520 1196 στρατηγοῦ.
579 1139 937 1197 παρηρεθίζοντο
970 1140 1018 1183 δὲ
1046 1149 1146 1192 ταῖς
1176 1150 1348 1198 φωναῖς
1388 1141 1433 1184 οἱ
1462 1143 1568 1195 περὶ
1597 1140 1674 1186 τὸν
1698 1137 1928 1200 Ἰωνάθην,

260 1210 332 1252 καὶ
356 1209 575 1266 φανεροῦν
596 1207 675 1261 μὲν
696 1207 774 1264 τὴν
797 1204 929 1264 ὀργὴν
951 1204 1028 1252 οὗκ
1050 1207 1259 1263 ἐτόλμων,
1293 1204 1369 1252 οὗκ
1401 1204 1670 1261 ἀξιώσαντες
1701 1205 1744 1252 δ’
1771 1205 1930 1261 αὐτοὺς

262 1273 543 1332 ἀποκρίσεως
574 1275 638 1326 εἷς
666 1275 749 1326 τὰς
780 1273 917 1327 ἄλλας
946 1277 1097 1332 κώμας
1133 1276 1412 1331 ἐπορεύοντο.
1472 1273 1628 1333 ὅμοιαι
1658 1273 1700 1320 δ’
1724 1274 1931 1334 ὑπήντων

263 1340 414 1395 αὖτοῑς
443 1343 567 1400 παρὰ
600 1340 782 1386 πάντων
814 1344 861 1388 αἱ
891 1345 1182 1402 καταβοήσεις
1210 1349 1498 1400 μεταπείσειν
1537 1341 1695 1396 αὐτους
1723 1345 1932 1403 βοώντων

204 1410 230 1436 ·’
262 1408 420 1456 ουόένα
450 1413 557 1468 περὶ
586 1414 665 1455 τοῦ
694 1411 752 1470 μὴ
788 1411 1032 1470 στρατηγὸν
1062 1412 1174 1467 ἐχειν
1193 1408 1424 1470 Ἰώσηπον.
1477 1410 1699 1468 ἄπρακτοι
1728 1413 1776 1457 δὲ
1806 1411 1933 1471 παρὰ

260 1497 429 1523 τουτων
461 1476 740 1531 ἀπελθόντες
771 1481 814 1523 οἱ
855 1482 961 1537 περὶ
997 1480 1076 1524 τὸν
1103 1480 1316 1539 Ἰωνάθην
1357 1480 1420 1530 εἷς
1450 1484 1693 1539 Σέπφωριν
1722 1476 1934 1539 μεγίστην

261 1551 349 1591 τῶν
380 1548 425 1592 ἐν
454 1551 508 1606 τῇ
532 1549 753 1592 Γαλιλαία
783 1547 918 1592 πόλιν
950 1544 1254 1605 ἀφικνοῦνται.
1311 1549 1353 1592 οἱ
1386 1544 1427 1591 δ’
1455 1548 1661 1592 εντεῦθεν
1692 1545 1934 1604 ἄνθρωποι

261 1616 376 1671 πρὸς
393 1614 631 1672 Ῥωμαίους
659 1626 759 1667 ταῖς
781 1617 977 1673 γνώμαις
1009 1613 1355 1672 ἀποβλέποντες,
1389 1615 1572 1669 ἐκείνοις
1599 1618 1679 1672 μὲν
1708 1613 1930 1673 ὑπήντων,
1972 1649 1974 1651 .

263 1684 338 1739 ἐμὲ
370 1685 416 1728 ὁὲ
449 1681 549 1728 οὔτε
580 1684 770 1742 ἐπῄνουν
802 1680 897 1728 οὔτ’
925 1684 1252 1743 ἐβλασφήμουν.
1303 1684 1429 1741 παρὰ
1461 1685 1508 1728 δὲ
1529 1686 1836 1742 Σεπφωριτῶν
1866 1682 1932 1735 εἷς

260 1748 448 1806 Ἀσωχὶν
478 1753 748 1808 καταβάντες
779 1754 821 1797 οἱ
853 1753 1058 1797 ἐντεῦθεν
1088 1753 1419 1810 παραπλησίως
1442 1762 1537 1804 τοῖς
1552 1749 1775 1811 Ἰαφηνοῖς
1804 1769 1932 1796 κατε-

259 1816 377 1873 βόων
410 1817 566 1864 αὐτῶν.
619 1821 661 1864 οἱ
694 1821 740 1864 δὲ
770 1821 850 1877 τὴν
881 1817 1013 1878 ὀργὴν
1045 1819 1190 1865 οὐκέτι
1226 1821 1517 1875 κατασχόντες
1556 1821 1807 1865 κελεύουσιν
1838 1827 1933 1872 τοῖς

259 1884 357 1942 μετ’
395 1884 538 1931 αὖτῶν
569 1886 779 1940 ὁπλίταις
808 1889 990 1933 τύπτειν
1022 1888 1168 1940 ξύλοις
1197 1888 1299 1940 τοὺς
1329 1891 1654 1944 καταβοῶντας.
1702 1887 1814 1932 κατὰ
1845 1892 1886 1931 Γ
1883 1887 1933 1931 ά·

147 1420 199 1461 ἑῖέ

205 1420 228 1459 ιω

150 1693 173 1732 lv

178 1694 200 1733 0:

207 1692 230 1732 Ο.)

372 2079 559 2115 PRAMW⁷

379 2141 390 2171 1
421 2134 557 2178 αὐτῶν]
584 2138 661 2172 τῶν
686 2136 780 2171 coni.
890 2134 1028 2173 πιστὸν
1051 2136 1148 2172 PRA
1258 2140 1444 2173 οπλειτων
1468 2136 1496 2170 Ρ
1605 2132 1931 2182 παραφυλάξαντα

260 2193 382 2228 RMW
475 2207 536 2239 μη,
560 2207 586 2238 μ
612 2204 656 2228 ex
681 2206 703 2230 σ
729 2203 821 2229 corr.
848 2193 876 2228 P
947 2190 1035 2235 τοὺς
1059 2195 1146 2238 περὶ
1171 2203 1239 2228 om.
1257 2193 1346 2228 MW
1440 2195 1459 2227 2
1487 2188 1615 2237 ὁμιλία
1640 2212 1684 2218 -
1710 2195 1728 2227 3
1753 2187 1932 2239 Ἰωνάθην

262 2260 328 2286 om.
355 2250 383 2284 P
499 2253 518 2284 3
544 2247 695 2297 πρώτης
720 2261 787 2286 om.
813 2250 900 2284 MW
1017 2254 1038 2284 4
1064 2263 1324 2297 αμαρτοντεσ,
1349 2263 1366 2287 ε
1391 2262 1436 2286 ex
1461 2264 1484 2286 α
1509 2261 1602 2286 corr.
1626 2249 1654 2285 P
1680 2245 1932 2296 ἁμαρτῶντεσ

260 2306 347 2342 MW
441 2310 634 2343 επιστολιν
658 2307 686 2341 Ρ
780 2311 798 2341 5
825 2311 971 2343 ϊωσιπω
996 2306 1024 2341 P
1119 2310 1138 2342 6
1165 2304 1334 2344 ὁπλιτῶν
1357 2318 1403 2342 ex
1421 2300 1552 2343 ὅπλων
1569 2316 1662 2342 corr.
1685 2306 1719 2342 R
1744 2309 1933 2343 οπλειτων
2042 2334 2044 2346 .

260 2363 287 2397 Ρ
381 2363 665 2410 παραγενέσθαι
691 2363 747 2400 εἰσ
770 2365 900 2410 τρίτην
924 2367 968 2399 tr.
994 2363 1083 2399 MW
1184 2360 1396 2412 Γαβαρὼθ]
1422 2359 1612 2411 γαραθώθ
1630 2363 1718 2398 MW
1809 2374 1933 2409 κομην
1984 2376 1986 2381 ⁴
2062 2357 2065 2363 ¹

259 2419 287 2453 P
360 2423 377 2454 ἰ’
404 2417 473 2456 τὸν
496 2419 524 2454 Ρ
613 2415 798 2467 Ἰωάννην]
825 2424 994 2467 ἰ’ωναθην
1017 2420 1045 2455 Ρ
1139 2424 1388 2467 εγκαλματων
1411 2420 1440 2454 Ρ
1533 2423 1551 2455 S
1579 2415 1644 2462 οὓς
1668 2430 1736 2455 om.
1762 2418 1886 2454 RMW
2043 2410 2045 2435 ²

261 2474 490 2522 πεπόμφειν]
517 2478 610 2513 coni.
636 2475 886 2523 πεπόμφασιν
910 2477 1013 2513 codd.
1040 2477 1225 2522 πέπομφα
1250 2477 1304 2513 ed.
1331 2488 1386 2523 pr.
1508 2480 1528 2511 9
1555 2489 1754 2523 αςιικοντο,
1779 2491 1803 2513 α
1828 2487 1874 2512 ex
1897 2488 1931 2514 ει

262 2544 352 2568 corr.
379 2533 407 2567 P
501 2531 563 2576 εἷς]
589 2534 627 2571 δὲ
652 2533 710 2570 εἰσ
734 2534 857 2569 RMW
949 2529 1087 2579 Ἰαφὰν]
1113 2539 1265 2580 ϊαφωαν
1290 2534 1317 2569 Ρ
1343 2534 1439 2579 ἰαφᾱ
1462 2533 1495 2569 R
1599 2538 1638 2569 10
1662 2536 1727 2569 καὶ
1749 2528 1932 2580 μεγίστῆν

261 2593 344 2634 post
371 2586 618 2637 ὀχυρωτάτην
642 2591 726 2626 add.
752 2591 790 2626 M
898 2587 1103 2637 ὗπηντίασε
1127 2591 1160 2626 R
1185 2587 1424 2627 ἱνπαντίασαν
1447 2591 1485 2625 M
1510 2587 1748 2627 ὑπαντιάσειν
1772 2590 1820 2625 W
1843 2590 1930 2626 fort.

261 2650 358 2682 recte
429 2644 570 2684 αι’-τοὶσ
595 2645 639 2684 τὸ
667 2650 819 2694 πλῆθοσ
843 2650 887 2683 tr.
913 2647 1000 2682 MW
1026 2647 1110 2683 fort.
1136 2650 1235 2683 reete
1307 2651 1343 2684 11
1367 2644 1514 2690 αὐτοὺς]
1540 2661 1587 2694 γρ
1613 2644 1745 2684 cci-tom
1768 2647 1791 2682 i.
1817 2655 1929 2691 marg.

262 2706 288 2738 A
386 2707 449 2741 καὶ
475 2705 642 2747 τέκνων,
666 2704 734 2739 litt.
760 2707 772 2739 ὶ
798 2704 838 2741 τέ
861 2705 884 2740 i.
909 2715 980 2739 ras.
1009 2707 1026 2739 2
1044 2704 1114 2740 litt.
1142 2705 1168 2739 P
1260 2707 1324 2740 καὶ
1348 2707 1446 2745 (ante
1469 2707 1614 2750 κατεβ.)
1639 2714 1707 2740 om.
1734 2702 1821 2738 MW
1843 2701 1929 2738 fort·

264 2764 363 2796 recte
460 2764 499 2796 12
524 2758 757 2797 κελεέωντεσ
780 2761 808 2795 Ρ
901 2759 1042 2797 ἐπιέναι
1069 2761 1098 2796 Ρ
1123 2757 1273 2799 α’πεῖιάι
1299 2761 1385 2796 MW
1503 2757 1643 2798 αι’»τοὶσ
1668 2760 1696 2795 Ρ
1790 2761 1831 2795 13
1856 2769 1931 2795 τασ

262 2815 397 2861 φωνὰσ
421 2818 448 2852 P
546 2821 586 2852 14
610 2820 672 2853 καὶ
697 2818 807 2853 iterat
830 2818 858 2852 Ρ
867 2819 874 2839 ¹
969 2818 1004 2855 δὲ
1032 2818 1118 2852 MW
1215 2822 1254 2854 15
1281 2818 1317 2854 δὲ
1342 2818 1382 2853 Μ
1474 2814 1660 2864 ὑπήντων
1684 2816 1712 2851 Ρ
1794 2811 1929 2852 adrolo

263 2871 435 2919 ἱπῄντων
459 2878 503 2910 tr.
529 2874 617 2909 MW
738 2878 776 2909 16
801 2872 1023 2920 μετάπεισιν
1046 2875 1074 2909 Ρ
1193 2878 1231 2910 17
1260 2870 1367 2911 οῦδὲν
1391 2874 1423 2909 R
1526 2876 1605 2915 τοῦ]
1634 2870 1700 2910 τὸν
1724 2872 1786 2908 PR
1876 2867 1928 2918 μὴ

261 2940 328 2965 om.
356 2930 451 2965 PRA
549 2934 585 2966 13
612 2929 782 2977 anw'pn'
807 2932 834 2966 Ρ
946 2936 985 2966 19
1011 2932 1046 2968 δὲ
1072 2931 1159 2966 MW
1269 2935 1310 2966 20
1337 2932 1524 2977 ρωμαίοισ
1547 2930 1576 2965 Ρ
1675 2926 1746 2966 rico·
1770 2925 1928 2976 γνώμασ

259 2987 348 3022 MW
443 2991 482 3022 21
513 2987 596 3024 or'zs
622 2988 728 3023 ΒΑΜ
823 2991 865 3023 22
892 2986 1034 3034 ασώχιν
1058 2988 1086 3023 Ρ
1112 2986 1255 3034 α’σωχιν
1281 2989 1311 3022 Α
1337 2984 1501 3033 α’σωχεῖν
1525 2986 1571 3021 W
