2074 3392
176 731 255 772 126

288 211 370 249 232
726 211 888 255 ANTIQ.
912 212 1008 248 IUD.
1032 212 1119 247 XIX
1145 214 1321 248 124—130
1345 215 1516 256 (1.15.16)

289 320 365 367 οὐκ
395 319 693 379 ἀπραγμόνως
722 320 1064 381 τεθνηξόμενος,
1095 328 1222 382 μέχρι
1252 326 1302 382 δὴ
1335 329 1620 383 περισχεθεὶς
1650 328 1837 378 πολλοῖς
1864 331 1951 374 τῶν

290 391 624 448 ἐπιφερομένων
655 391 812 434 ἔπεσεν
832 388 920 434 ὑπὸ
944 391 1150 448 πλήθους
1169 394 1446 448 τραυμάτων.
1504 398 1654 449 τρίτος
1679 394 1725 437 δὲ
1749 390 1952 452 Ἀντήιος
1982 432 1990 438 .

287 460 373 502 τῶν
405 457 451 500 ἐκ
479 460 557 514 τῆς
585 460 746 515 βουλῆς
777 457 854 501 σὺν
886 454 1065 515 ὀλίγοις,
1105 455 1155 502 οὗ
1186 466 1374 515 τυχαίως
1403 471 1498 512 τοῖς
1530 465 1775 517 Γερμανοῖς
1804 463 1951 506 καθά-

287 542 371 581 περ
417 525 460 568 οἱ
498 525 714 582 πρότερον
753 526 1034 605 περιπεσών,
1080 524 1168 570 ὑπὸ
1212 528 1259 571 δὲ
1300 529 1692 587 φι2οθεαιιοσύνης
1735 532 1809 573 καὶ
1847 527 1952 589 ἡδο-

287 609 362 649 νης
406 595 485 636 τοῦ
525 589 748 651 αυτόπτις
786 594 1017 649 γενόμενος
1057 598 1097 636 Γ
1096 611 1195 637 αιου
1233 600 1432 650 κειμένου
1475 606 1605 651 μῖσος
1646 593 1864 654 ευφρᾶναι
1902 597 1953 642 τὸ

286 659 402 718 πρὸς
434 657 587 704 αυτόν·
626 660 704 704 τὸν
741 678 823 717 γαρ
863 664 1037 718 πατέρα
1065 664 1145 704 τοῦ
1168 657 1375 720 Ἀντηίου
1404 665 1479 708 καὶ
1509 662 1741 719 σμῶντμον
1777 664 1953 723 φυγάδα

288 729 449 780 ἐλάσας
464 731 538 772 καὶ
558 728 616 784 μὴ
642 725 877 783 ἀρκεσθεὶς
898 733 1057 772 κτείνει
1079 730 1353 785 στρατιώτας
1375 727 1669 788 ἀποπέμψας.
1710 733 1784 775 καὶ
1806 735 1953 790 παρῆν

285 797 364 851 μὲν
409 796 483 840 διὰ
518 797 626 839 τάδε
669 792 1023 853 εὐφρανούμενος
1067 800 1245 855 θεωρία
1288 801 1365 841 τοῦ
1402 803 1574 856 νεκροῦ,
1621 803 1955 858 θορυβουμένης

287 865 334 907 δὲ
364 867 441 921 τῆς
473 864 614 914 οἰκίας
643 863 852 918 κρύπτειν
885 861 1017 907 αὑτὸν
1057 863 1420 922 ἐνθυμησάμενος
1460 864 1509 910 οὗ
1548 868 1836 925 διαφυγγάνει
1865 870 1954 912 τῶν

287 934 524 988 Γερμανῶν
555 931 606 973 τό
639 948 687 974 τε
718 931 781 982 εἷς
810 930 890 988 τὴν
922 932 1100 988 ἐ’ρευναν
1132 928 1309 989 ἀκριβὲς
1337 930 1449 977 κᾶπὶ
1478 944 1572 986 τοῖς
1603 936 1761 993 φόνοις
1790 933 1957 991 ὁμοίως

285 1002 373 1042 τῶν
402 1016 451 1042 τε
488 999 644 1042 αἰτίων
682 1001 755 1043 καὶ
795 998 853 1055 μὴ
900 999 1276 1056 ἐξαγριωσάντων.
1344 1003 1418 1044 καὶ
1458 1002 1552 1046 οἵδε
1590 1003 1668 1058 μὲν
1707 1003 1844 1061 ταύτῃ
1883 1020 1955 1048 τε-

285 1066 520 1124 θνηκεσαν.

403 1138 468 1178 16.
529 1135 607 1186 Εἷς
639 1135 685 1178 δὲ
716 1134 764 1178 τὸ
798 1138 992 1192 θέατρον
1024 1135 1055 1178 ἐι
1048 1137 1123 1179 τεὶ
1155 1131 1340 1193 ἄφίκετο
1373 1154 1395 1180 ο
1429 1137 1557 1194 λόγος
1588 1139 1691 1195 περὶ
1718 1141 1796 1196 τῆς
1817 1141 1956 1183 Γαΐου

285 1205 500 1260 τελευτῆς,
533 1203 739 1282 εκπληξίς
768 1220 816 1246 τε
845 1205 918 1247 καὶ
951 1199 1142 1247 ἀπιστία
1172 1216 1241 1262 ην·
1274 1222 1315 1248 οι
1346 1205 1426 1260 μὲν
1454 1222 1537 1261 γαρ
1568 1207 1641 1249 καὶ
1671 1205 1790 1249 πάνυ
1819 1203 1957 1265 ἡδονῇ

287 1271 513 1326 δεχόμενοι
552 1270 629 1314 τὸν
669 1268 859 1326 ολεθρον
901 1266 1034 1314 αυτοῦ
1064 1289 1143 1314 καν
1175 1273 1263 1328 πρὸ
1302 1274 1471 1316 πο22οῦ
1501 1269 1771 1357 ἡγησάμενοι
1802 1278 1958 1332 σφίσιν

288 1337 461 1394 ἀγαθὸν
501 1340 732 1383 συνε2θεῐν
771 1337 858 1382 ὑπὸ
902 1339 1026 1389 δέους
1064 1338 1108 1382 ἐν
1148 1335 1340 1384 απιστία
1377 1339 1502 1399 ἦσαν.
1570 1341 1656 1385 εἰσὶ
1697 1340 1741 1384 δ’
1781 1341 1848 1393 οἷς
1883 1344 1958 1387 καὶ

1983 943 2019 994 ῳ.

230 1444 232 1446 ,
285 1407 404 1450 πάνυ
437 1402 520 1449 ἆπ
557 1407 752 1450 ἐ2πίδων
782 1425 834 1463 ην
866 1406 940 1451 δια
971 1407 1020 1450 τὸ
1053 1406 1111 1464 μὴ
1146 1407 1321 1452 ἓθέ2ειν
1342 1426 1386 1452 τι
1416 1409 1591 1452 τοιόνδε
1620 1410 1725 1464 περὶ
1751 1411 1814 1465 τῶ
1836 1411 1959 1467 Γαίῳ
1998 1419 1999 1422 ’

175 1547 253 1586 129

175 1818 254 1858 130

285 1478 509 1531 γεγονέναι
539 1475 650 1532 μηδὲ
682 1472 878 1532 ά2ηθεία
909 1478 1252 1554 προστίθεσθαι
1283 1476 1357 1520 διὰ
1388 1476 1438 1520 τὸ
1459 1477 1517 1553 μὴ
1541 1476 1704 1521 οἷόντε
1726 1472 1959 1534 ἀνθρώπῳ

287 1548 400 1587 εἰναι
429 1543 584 1601 τοιᾷδε
616 1539 802 1600 ἆρετῆχ
776 1545 989 1600 χρῆσθαι.
1047 1543 1206 1599 γύναια
1237 1539 1278 1586 δ’
1314 1543 1365 1600 ἠν
1395 1547 1536 1588 ταῦτα
1565 1546 1638 1588 καὶ
1663 1542 1867 1596 παῖδεςε
1845 1544 1959 1589 οπό-

286 1627 359 1655 σοι
397 1627 445 1654 τε
484 1611 636 1654 δοῦλοι
674 1615 749 1655 καί
778 1627 894 1662 τινες
924 1613 1003 1654 τοῦ
1035 1615 1375 1667 στρατιωτικοῦ,
1417 1613 1460 1655 οἱ
1490 1613 1570 1667 μὲν
1601 1612 1677 1655 διὰ
1707 1611 1757 1656 τὸ
1789 1616 1958 1667 μισθο-

286 1688 441 1761 φορεῖν
478 1681 550 1722 καὶ
592 1675 718 1722 ουδὲν
760 1674 859 1721 αλ2’
904 1672 930 1736 ἢ
973 1683 1365 1735 συντυραννοῦντες
1402 1681 1476 1723 καὶ
1517 1680 1720 1738 διακονίᾳ
1749 1683 1828 1739 τῆς
1856 1676 1954 1725 κατ’

286 1746 449 1790 ἐκεῖνον
479 1742 647 1829 υβρεως
679 1747 1052 1802 ἐπανασειόμενοι
1082 1757 1177 1798 τοῖς
1207 1752 1462 1804 κρατίστοις
1492 1751 1580 1791 τῶν
1601 1749 1801 1792 πολιτῶν
1830 1751 1959 1804 τιμῆς

286 1832 334 1858 τε
366 1810 458 1870 άιια
487 1816 562 1858 καὶ
593 1811 824 1872 ῶφε2ειῶν
853 1816 1091 1872 τυγχάνειν,
1122 1833 1146 1872 η
1183 1815 1231 1858 δὲ
1262 1814 1315 1858 αὖ
1336 1825 1640 1872 γυναικωνῖτις
1670 1818 1744 1860 καὶ
1772 1817 1822 1860 τὸ
1850 1817 1959 1861 νεώ-

284 1900 423 1940 τερον,
456 1882 569 1938 άπερ
601 1879 728 1936 ὄχλος
760 1883 895 1939 φι2εῖ,
929 1886 1148 1937 θεωρίαις
1184 1899 1232 1925 τε
1262 1885 1334 1926 καὶ
1361 1886 1643 1938 μονομαχιῶν
1675 1884 1853 1928 δόσεσιν
1882 1889 1958 1929 καί

285 1968 416 1994 τινων
454 1953 727 2007 κρεανομιῶν
765 1948 946 2008 ἡδοναῖς
987 1946 1320 2007 άνει2ηιιιιένοι,
1369 1951 1395 1994 ἑὲ
1436 1951 1685 2006 ἐπράσσετο
1726 1952 1840 2009 λόγω
1879 1953 1958 2008 μὲν

285 2018 361 2062 επὶ
392 2022 622 2076 θεραπεία
651 2021 729 2075 τῆς
760 2017 978 2110 πληθύος,
1009 2017 1058 2061 τὸ
1093 2014 1134 2060 δ
1163 2014 1329 2076 ἀληθὲς
1361 2018 1423 2061 {m
1408 2036 1508 2074 ιτιμι
1506 2019 1674 2062 τλάντα
1695 2022 1772 2076 τῆς
1794 2024 1957 2075 μανίας

397 2131 635 2166 AMWELat

400 2191 418 2222 2
444 2190 522 2223 τῶν
546 2184 774 2233 τραυμάτων
798 2186 830 2221 Ε
970 2189 989 2221 3
1014 2190 1091 2223 τῶν
1114 2186 1157 2224 ἐκ
1183 2209 1224 2213 -
1253 2184 1405 2235 ὀλίγοις]
1437 2186 1505 2225 σὺν
1539 2184 1688 2235 ὀλίγοισ
1719 2191 1796 2225 τῶν
1819 2186 1863 2225 ἐκ
1887 2191 1956 2236 τῆσ

284 2247 427 2291 βουλῆσ
452 2239 548 2291 (Ξνὴρ
574 2244 606 2278 Ε
722 2238 796 2279 *οὗ
821 2245 984 2290 τυχαίως
1009 2255 1077 2279 om.
1102 2245 1175 2280 Lat
1289 2247 1403 2281 *τοῖσ
1428 2251 1677 2291 γερμαι·ικοῖσ
1701 2244 1740 2279 Μ
1833 2248 1854 2280 4
1877 2244 1954 2288 ‘¹⁰21

286 2297 329 2337 οὗ
355 2301 442 2335 MW
537 2304 555 2334 5
582 2297 801 2347 γενόμενος]
828 2300 1007 2347 γενέσθαι
1033 2301 1065 2335 Ε
1158 2308 1269 2346 μῖσος
1287 2322 1328 2327 -
1348 2305 1366 2335 6
1393 2297 1522 2343 αὐτόν]
1549 2298 1606 2338 διὰ
1630 2302 1771 2346 μίσουσ
1794 2299 1952 2349 ἐφέρετο

284 2355 389 2405 προσ
414 2353 532 2394 αι’-τὸν
555 2357 588 2391 Ε
717 2360 734 2390 7
760 2356 984 2403 ἐπιπέμψασ
1008 2358 1052 2401 Ε,
1078 2358 1160 2394 fort.
1188 2361 1285 2394 recte
1401 2361 1420 2392 8
1446 2353 1752 2404 εὖφραινόμενοσ
1775 2357 1865 2393 MW
1992 2355 1996 2358 ⁴

284 2418 303 2449 9
328 2409 473 2450 *αὐτὸν
496 2414 593 2448 A¹M
666 2416 706 2447 10
732 2408 898 2460 α’κριβὲς]
925 2409 1097 2460 οἷκριβὲσι
1122 2415 1210 2450 MW
1291 2417 1355 2451 καὶ
1378 2413 1439 2451 ἐπὶ
1462 2414 1551 2449 MW
1625 2418 1660 2449 ll
1688 2414 1842 2450 *αἰτιῶν
1865 2413 1954 2450 MW

284 2469 546 2517 *ἐξαγριῶσαν
572 2470 664 2505 coni.
771 2468 860 2511 οἵδε]
887 2466 964 2507 οἶδε
988 2472 1021 2505 Α
1047 2471 1080 2507 οὶ
1106 2471 1194 2505 MW
1307 2474 1347 2505 13
1373 2471 1424 2513 εἰς
1449 2471 1498 2512 δὲ]
1524 2467 1580 2507 ὠσ
1605 2470 1643 2507 δὲ
1667 2470 1724 2507 εἰσ
1749 2471 1781 2506 Ε
1873 2469 1953 2509 ἐπεὶ

285 2538 353 2562 om.
378 2527 501 2562 MWE
608 2530 647 2561 15
673 2523 756 2568 κᾶν]
781 2529 844 2562 καὶ
870 2529 902 2562 A
1004 2530 1043 2562 10
1070 2523 1230 2573 α’γαθῶν
1254 2529 1286 2562 Α
1378 2527 1415 2564 δὲ
1439 2527 1528 2562 MW
1622 2530 1660 2561 17
1687 2523 1746 2564 διὰ
1772 2524 1817 2564 τὸ
1843 2547 1886 2554 -
1911 2530 1952 2563 19

282 2586 462 2630 χρῆσθαι]
488 2594 566 2618 cum
592 2594 707 2629 neque
737 2583 870 2618 uellent
895 2584 994 2619 circa
1018 2585 1141 2629 quium
1168 2584 1309 2629 aliquid
1333 2583 1540 2618 huiusmodi
1559 2584 1756 2629 prouenire
1780 2593 1845 2619 uec
1868 2594 1953 2620 uere

285 2640 352 2675 7100
385 2639 573 2674 crederent
604 2640 711 2685 quasi
739 2651 811 2674 non
839 2645 968 2686 posset
1000 2640 1134 2686 aliquis
1164 2640 1347 2675 hominum
1380 2651 1472 2687 opus
1504 2639 1611 2674 latius
1636 2640 1782 2674 uirtutis
1805 2639 1952 2687 implere

286 2697 357 2731 Lat
448 2696 574 2732 θέλειν
597 2696 630 2730 Ε
724 2698 821 2743 περὶ]
846 2695 907 2733 ἐπὶ
932 2696 1019 2731 MW
1112 2699 1193 2746 *τῷ
1219 2708 1285 2733 om.
1311 2696 1398 2732 MW
1501 2699 1540 2731 lS
1563 2696 1666 2742 μηδὲ]
1692 2696 1837 2731 Bekker
1859 2693 1951 2743 μήτε

286 2753 390 2788 codd.
461 2748 681 2799 ἀνθρώπων
697 2753 784 2788 MW
860 2756 898 2787 19
923 2748 1000 2795 *6'1
1027 2766 1066 2789 τε
1083 2753 1171 2788 MW
1244 2757 1285 2789 22
1310 2750 1628 2796 ὑπανασειόμειόι
1647 2752 1679 2787 Ε
1752 2756 1793 2787 23
1819 2748 1856 2789 δ’
1872 2753 1905 2789 Ε

291 2810 330 2845 τὸ
360 2806 560 2855 νεώτερον]
593 2810 625 2844 Ε
659 2806 728 2845 τὸν
759 2807 950 2857 νεώτερον
973 2811 1007 2844 Α
1039 2812 1116 2846 τῶν
1149 2810 1346 2858 νεωτέρων
1377 2811 1416 2845 M
1450 2807 1693 2856 τωνεώτερον
1726 2809 1772 2844 W
1805 2809 1951 2846 iuuenes

286 2866 356 2901 Lat
426 2869 467 2900 25
492 2865 746 2913 ἐνειλημμένοι
773 2867 804 2901 Ε
899 2862 922 2903 ἑὲ
946 2864 1162 2914 ἐπράσσετο
1187 2886 1232 2892 -
1257 2869 1299 2900 26
1317 2863 1497 2911 πληθύος]
1523 2876 1615 2911 quas
1639 2867 1674 2899 in
1702 2865 1797 2900 lude's
1820 2865 1951 2912 aqebat

285 2923 403 2967 (γαίης,
430 2928 467 2956 τι(
485 2925 594 2967 quasi
610 2923 755 2969 populo
775 2923 997 2968 uoluptatem
1016 2923 1201 2959 exhiberet
1219 2923 1290 2958 Lat
1376 2926 1417 2956 26
1442 2925 1460 2943 *
1473 2923 1672 2972 θεραπείᾳ]
1699 2923 1846 2968 θεωρία
1861 2921 1950 2958 MW

286 2986 322 3015 et
346 2980 369 3014 i.
387 2989 498 3022 marg.
516 2982 549 3015 A
619 2977 826 3026 *πληθύος1
845 2977 942 3016 {Ji-00-
961 2979 1006 3014 W
1077 2980 1115 3016 δὲ
1132 2979 1253 3014 MWE
1324 2976 1563 3023 ἐκπιμπάντα
1581 2979 1619 3014 M
1644 2976 1877 3015 ε’κπιπλάντα
1902 2976 1949 3013 W
