2074 3392
109 542 190 582 169

111 748 191 786 170

114 883 186 922 171

112 1087 191 1126 172

111 1493 191 1534 173

111 1767 191 1806 174

223 219 304 259 350
690 219 885 255 IOSEPHI
908 218 1027 253 VITA
1054 220 1232 253 168—174
1255 220 1416 261 (aa-35)

221 342 358 389 ψειαν
391 333 493 376 δέκα
523 335 601 375 τοῦ
632 331 838 386 πλήθους
876 333 1176 386 προεστῶτας.
1234 328 1580 374 ὑπακουσάντων
1612 325 1655 373 δ’
1701 329 1888 385 ἑτοίμως

220 404 294 445 καὶ
324 400 601 456 πεμψάντων
633 396 796 454 ἄνδρας
827 397 902 448 οὓς
932 407 1168 453 προεῖπον,
1201 398 1446 454 ἐμβιβάσας
1477 394 1670 441 ἀπέλυον
1701 397 1765 449 εἷς
1796 403 1888 441 Τα-

222 472 368 525 ριχέας
399 469 836 526 φυλαχθησομένους.

337 540 404 580 34.
470 538 544 592 Τιιῦ
576 534 904 592 στρατηγήματι
935 534 982 577 δὲ
1014 532 1154 588 τούτῳ
1183 531 1263 588 τὴν
1293 533 1456 592 βουλὴν
1478 536 1629 577 πᾶσαν
1658 528 1756 575 κατ’
1790 527 1886 576 ‹325-

220 621 322 662 γους
344 603 491 659 λαβὼν
515 603 577 654 εἷς
598 602 676 661 τὴν
697 605 1018 659 προειρημένην
1036 600 1170 644 πόλιν
1189 603 1263 644 καὶ
1283 597 1380 655 μετ)
1408 597 1550 644 αὐτῶν
1570 599 1673 650 τοὺς
1693 599 1888 652 πολλοὺς
1906 610 1937 643 6
1957 623 1961 632 ¹

220 675 299 716 τοῦ
331 671 470 728 δήμου
501 687 706 726 πρωτους
738 667 900 727 ἄνδρας
932 686 1008 712 ουκ
1039 668 1244 719 ἐλάττους
1275 668 1448 713 ἐκείνων
1478 666 1608 720 ὄντας
1631 665 1888 724 διεπεμψά-

221 758 320 798 μην.
379 739 428 783 τὸ
463 740 724 796 &kral-1530&
756 735 816 789 ιῦς
838 736 956 781 εἶδον
978 736 1041 787 εἷς
1062 735 1155 779 οἷον
1176 738 1317 779 κακῶν
1338 736 1492 795 ἥκουσι
1511 739 1715 793 μέγεθος,
1747 751 1887 791 παρε-

219 809 380 852 κάλουν
411 824 466 862 με
496 806 572 850 τὸν
605 807 750 849 αἰτιον
779 808 856 862 τῆς
887 804 1085 855 στάσεως
1122 804 1483 860 τιμωρήσασθαι.
1542 806 1728 855 Κλεῖτος
1759 799 1800 846 δ’
1835 821 1887 861 ην

223 874 365 930 ὄνομα
396 875 551 931 τούτῳ,
583 873 757 927 θρασύς
787 890 834 916 τε
863 874 935 915 καὶ
957 871 1186 930 προπετὴς
1208 877 1394 922 νεανίας.
1455 871 1537 927 ἐγώ
1561 868 1599 914 δ’
1626 868 1888 915 ἀποκτεῖναι

221 945 301 999 μὲν
333 939 409 997 οὐχ
439 938 564 985 ὅσιον
586 939 825 1000 ἡγούμενος
847 938 1076 998 ὁμόφυλον
1099 937 1250 996 ἄνδρα,
1280 939 1468 983 κολάσαι
1489 935 1530 982 δ’
1556 938 1744 997 ἀνάγκην
1764 938 1886 993 ἔχων,

221 1014 310 1054 τῶν
341 1013 445 1066 περὶ
476 1009 552 1064 ἐμέ
581 1026 668 1052 τινι
701 1009 1093 1067 σωματοφυλάκων
1123 1013 1299 1065 Ληουεῖ
1328 1008 1581 1063 προσέταξα
1611 1007 1887 1063 προελθόντι

221 1079 363 1135 κόψαι
383 1081 461 1121 τοῦ
484 1079 672 1121 Κλείτου
694 1077 772 1135 τὴν
791 1076 943 1132 ἑτέραν
967 1079 1054 1119 τιῦν
1071 1078 1244 1132 χειρῶν.
1307 1075 1535 1126 δείσαντος
1566 1075 1614 1118 δὲ
1642 1077 1721 1118 τοῦ
1740 1077 1887 1118 κελευ-

223 1151 410 1198 σθέντος
449 1146 512 1197 εἰς
552 1148 738 1188 τοσοῦτο
779 1147 959 1202 πλῆθος
998 1145 1240 1200 προελθεῖν
1278 1143 1438 1197 μόνου,
1483 1142 1562 1199 τὴν
1603 1143 1771 1186 δειλίαν
1808 1145 1886 1185 τοῦ

221 1215 494 1271 στρατιώτου
538 1214 597 1272 μὴ
640 1215 882 1271 βουληθεὶς
926 1212 1169 1270 κατάδηλον
1208 1214 1421 1267 γενέσθαι
1459 1220 1554 1262 τοῖς
1597 1212 1886 1267 Τιβεριεῦσιν,

221 1279 354 1326 αὐτὸν
377 1285 563 1326 Κλεῖτον
594 1282 805 1341 φωνήσας
834 1280 1020 1338 ,ἐπειδὴ
1051 1282 1125 1324 καὶ
1155 1277 1290 1331 ἄξιος,
1323 1277 1464 1332 εἶπον,
1495 1277 1707 1334 ὑπάρχεις
1739 1274 1888 1336 ἀμφο-

219 1355 349 1409 τέρας
389 1351 469 1402 τάς
503 1360 655 1406 χεῖρας
695 1347 940 1406 ἀποβαλεῖν
981 1344 1121 1398 οὕτως
1160 1343 1396 1403 ἀχάριστος
1435 1347 1498 1398 εἰς
1537 1346 1613 1401 ἐμὲ
1642 1346 1886 1403 γενόμενος,

220 1422 346 1476 γενοῦ
373 1421 536 1462 σαυτοῦ
567 1419 792 1478 δημόσιος,
827 1417 886 1476 μὴ
922 1420 996 1461 καὶ
1033 1413 1291 1472 ἀπειθήσας
1317 1419 1495 1470 χείρονα
1529 1419 1746 1471 τιμωρίαν
1773 1411 1887 1457 ὗπό-

223 1491 371 1545 σχῃς.“
414 1490 493 1531 τοῦ
525 1488 571 1530 δὲ
601 1486 679 1543 τὴν
711 1486 862 1542 ἑτέραν
895 1483 1015 1542 αὐτῷ
1043 1486 1318 1541 συγχωρῆσαι
1339 1482 1486 1526 πολλὰ
1519 1484 1727 1538 δεομένου
1757 1481 1887 1537 μόλις

220 1560 472 1599 κατένευσα.
523 1551 720 1606 κάκεῖνος
742 1552 931 1609 ἄσμενος
955 1552 1065 1607 ὑπὲρ
1086 1555 1164 1597 τοῦ
1185 1552 1243 1609 μὴ
1267 1553 1347 1605 τὰς
1369 1551 1445 1595 δύο
1466 1560 1617 1606 χεῖρας
1640 1546 1886 1605 ἀποβαλεῖν

222 1624 369 1679 λαβὼν
399 1624 620 1679 μάχαιραν
651 1623 807 1667 κόπτει
838 1622 915 1681 τὴν
949 1619 1184 1678 ἀριστερὰν
1207 1621 1377 1665 ἑαυτοῦ.
1436 1622 1509 1664 καὶ
1530 1623 1660 1664 τοῦτο
1681 1617 1760 1676 τὴν
1782 1617 1888 1661 στά-

222 1709 291 1737 σιν
324 1693 529 1736 ἔπαυσεν.

338 1765 404 1805 35.
470 1764 689 1815 Τιβεριεῖς
721 1760 780 1812 δέ,
813 1756 873 1809 ιῦς
905 1774 968 1809 εις
997 1757 1077 1808 τὰς
1110 1762 1324 1814 Ταριχέας
1354 1752 1578 1814 ἀφικόμην
1608 1755 1782 1812 γνόντες
1810 1754 1889 1811 τὴν

223 1833 500 1886 στρατηγίαν.
523 1832 547 1885 ᾖ
571 1845 652 1871 κατ
696 1823 840 1870 αἰτῶν
864 1826 1123 1884 ἐχρησάμην,
1154 1822 1510 1880 άπεθαίμαζον(
1496 1823 1566 1868 ότι
1583 1840 1718 1880 χωρις
1739 1824 1888 1882 φόνων

335 1976 356 2020 ς
384 1977 446 2009 ιῡς
470 1992 514 2004 =
539 1974 620 2009 ben.
647 1973 726 2008 Iud.
752 1973 787 2008 11
813 1975 888 2008 639.

337 2087 525 2122 PRAMW

340 2148 352 2178 1
382 2156 626 2191 προεστοτασ
651 2143 678 2176 Ρ
808 2143 976 2178 lacunam
1001 2142 1060 2176 hic
1084 2152 1163 2176 esse
1187 2150 1232 2175 ex
1254 2140 1336 2175 bell.
1361 2140 1440 2175 Iud.
1467 2139 1606 2174 conicio
1737 2138 1776 2176 δὲ
1799 2138 1887 2173 Mw

336 2204 355 2236 2
382 2213 578 2248 πρωειπον
603 2201 629 2234 Ρ
732 2203 944 2247 ενβιβασασ
968 2198 996 2232 P
1104 2200 1288 2234 απελοιον
1311 2195 1340 2230 Ρ
1365 2192 1584 2242 ἀπήλαυνον
1608 2195 1694 2231 MW
1786 2209 1888 2242 ταρι-

220 2260 339 2305 χαίασ
363 2258 396 2293 R
421 2261 457 2293 et
481 2268 525 2293 ex
551 2268 642 2292 corr.
671 2258 699 2291 A
817 2259 837 2290 4
863 2258 976 2292 τοῦτο
1003 2255 1030 2289 Ρ
1133 2257 1266 2301 βουλιν
1289 2253 1317 2287 Ρ
1427 2254 1591 2299 ολίγουσ,
1617 2265 1661 2289 ου
1684 2263 1730 2288 ex
1754 2265 1775 2288 ο
1794 2263 1887 2289 corr.

221 2316 254 2349 A
281 2311 414 2361 ὀλίγον
436 2314 470 2349 R
563 2317 580 2347 5
607 2317 753 2349 πολοισ
778 2312 805 2347 Ρ
911 2315 930 2346 6
955 2313 1024 2348 τοῦ
1048 2308 1165 2356 δήμου
1189 2321 1233 2346 ex
1257 2313 1335 2346 τιῦν
1358 2306 1484 2356 δήμων
1508 2319 1599 2345 corr.
1625 2308 1659 2344 R
1751 2312 1768 2343 7
1795 2306 1889 2346 οἵων

222 2374 254 2406 A
325 2385 446 2407 κακον
471 2371 498 2405 Ρ
569 2364 724 2415 ἥκουσιν
748 2370 794 2404 W
867 2372 885 2404 8
910 2372 970 2414 με]
994 2382 1064 2413 μεν
1088 2368 1115 2402 Ρ
1209 2370 1284 2413 τῆς]
1308 2379 1356 2411 με
1381 2369 1450 2413 τῆσ
1474 2366 1512 2400 Μ
1605 2362 1888 2413 τιμωρήσεσθαι

221 2427 285 2462 PR
379 2431 510 2463 κλιτοσ
535 2426 712 2461 PA¹MW
805 2420 842 2462 δ’
868 2419 924 2470 ἦν]
949 2421 986 2461 δ’
1011 2425 1044 2460 Β
1069 2425 1107 2461 δὲ
1131 2418 1175 2469 ἧν
1199 2423 1286 2458 MW
1378 2426 1398 2458 9
1423 2425 1538 2458 τοῦτο
1563 2422 1612 2457 W
1689 2426 1741 2465 τε]
1767 2422 1806 2460 δὲ
1830 2422 1888 2467 W,

222 2496 289 2519 om.
315 2485 354 2518 M
447 2485 484 2520 δὲ
510 2482 596 2517 MW
696 2486 732 2516 lO
753 2479 934 2523 κολάσαι]
959 2485 1116 2518 κάλεσαι
1143 2482 1168 2515 P
1277 2481 1315 2517 δὲ
1340 2481 1426 2515 MW
1530 2483 1567 2514 11
1596 2481 1667 2516 τινὶ
1691 2479 1796 2514 codd.

223 2544 337 2577 λιουει
364 2541 390 2575 P
417 2541 526 2586 κ’,ηουῒ
545 2540 578 2574 R
603 2539 745 2585 λη·οι·ἰ““,
768 2539 787 2574 ῒ
806 2539 829 2574 i.
855 2550 941 2581 ras„
965 2539 988 2573 i.
1014 2548 1125 2582 marg.
1152 2552 1198 2584 γρ
1223 2541 1350 2574 λευουϊ
1372 2539 1403 2572 A
1428 2538 1565 2583 ληιουεὶ
1591 2535 1677 2570 MW
1771 2548 1887 2583 προσ-

223 2597 328 2641 έταξε
355 2597 388 2632 R
458 2594 714 2642 προσελθόντι
738 2596 859 2631 AMW
936 2598 972 2630 12
997 2597 1128 2631 κλίτου
1152 2595 1327 2630 PA'MW
1402 2596 1439 2627 13
1465 2595 1641 2634 τοσοῦτο,
1666 2592 1733 2628 litt.
1753 2604 1824 2628 οσο
1841 2602 1887 2627 ex

225 2657 315 2690 οῦτο
343 2665 434 2689 corr.
460 2654 494 2689 R
519 2656 707 2690 τοσοῦτον
732 2653 820 2687 MW
914 2655 1130 2696 προελθεῖν]
1155 2655 1395 2698 προδιελθεῖν*
1413 2651 1444 2685 Α
1469 2653 1546 2686 δεῖν
1570 2651 1776 2695 προελθεῖν
1801 2647 1886 2682 MW

337 2714 454 2747 διλιαν
478 2710 506 2745 P
603 2713 642 2744 14
668 2712 882 2753 κιιταληλον
909 2710 933 2743 P
1030 2712 1069 2743 15
1093 2709 1226 2744 κλίτον
1250 2708 1423 2743 PA¹MW
1517 2708 1622 2751 επιδη
1646 2705 1674 2740 P
1766 2701 1886 2746 εἶπον]

223 2781 332 2804 επιον
357 2768 383 2802 P
480 2771 520 2802 16
547 2779 851 2813 ουτοσαχριστοσ
877 2766 904 2800 P
1002 2763 1080 2809 ἐμὲ]
1104 2778 1150 2809 με
1178 2765 1203 2799 Ρ
1303 2769 1336 2799 ὶῖ
1365 2761 1555 2810 δημόσιος]
1581 2759 1713 2808 δήμιοσ
1731 2759 1887 2796 RAMW

337 2828 532 2870 ιιπιθησασ
556 2823 584 2857 Ρ
724 2821 893 2868 immotae
919 2822 953 2855 M
990 2819 1158 2868 ὑπόστησ
1183 2822 1230 2856 W
1372 2825 1409 2856 18
1436 2816 1550 2856 αὖτιῦι
1575 2829 1619 2853 ex
1644 2827 1735 2853 corr.
1763 2818 1795 2851 A

223 2881 403 2924 δεομένου
428 2878 549 2916 πολλὰ
576 2883 621 2915 tr.
649 2879 732 2914 Mw
841 2883 881 2914 19
906 2875 1084 2923 α’σμι-’νωσ
1108 2878 1141 2913 R
1244 2881 1311 2914 ros>
1336 2888 1402 2913 om.
1430 2876 1456 2910 P
1551 2877 1592 2909 20
1615 2886 1788 2919 μαχεραν
1811 2872 1840 2907 Ρ

223 2937 375 2981 ἑαυτοῦ]
403 2938 518 2973 αὑτοῦ
544 2936 576 2971 R
670 2950 801 2972 tomo»
831 2935 859 2970 P
955 2938 996 2969 22
1021 2932 1088 2977 τὰς
1112 2947 1180 2970 om.
1201 2935 1285 2969 MW
1379 2933 1581 2979 ταριχαιάσ
1604 2929 1639 2965 R
1662 2933 1698 2965 et
1721 2940 1766 2965 ex
1791 2939 1882 2965 corr.

221 2996 254 3029 A
347 3006 514 3040 yrwrtm
540 2993 566 3026 P
661 2996 701 3027 23
725 3005 866 3038 χωρεισ
891 2992 919 3026 P

1917 948 1959 983 1⁰

1917 1287 1957 1321 15
