2074 3392
232 170 311 208 146
683 166 848 210 ANTIQ.
873 166 970 201 IUD.
996 165 1118 201 XVIII
1143 167 1277 210 31—36
1300 166 1348 207 (ιι.
1364 170 1391 196 2.
1407 166 1440 207 3)

234 283 425 342 σαηλίδα
454 283 528 324 καὶ
553 276 831 337 Ἀρχελαίᾎδα
864 279 979 322 ἔνθα
1009 282 1223 336 φοινίκων
1253 279 1441 334 πλείστη
1473 275 1683 334 φύτευσις
1703 277 1777 319 καὶ
1797 292 1901 332 καρ-

150 356 203 395 32
232 350 322 402 πὸς
354 345 498 393 αἰτῶν
530 345 723 405 ἄριστος.
784 346 1035 400 διαδέχεται
1055 346 1103 389 δὲ
1121 349 1195 390 καὶ
1224 348 1381 389 τοῦτον
1400 341 1583 394 Αννιος
1598 340 1790 400 Ῥοῦφος,
1821 339 1896 400 eq?

147 626 200 666 33

147 897 200 936 34

147 1168 199 1208 35

146 1507 198 1547 36

232 415 283 463 οὗ
322 417 372 475 δὴ
419 418 491 460 καὶ
535 418 717 474 τελευτᾷ
754 419 951 471 Καῖσαρ,
998 413 1200 470 δεύτερος
1243 413 1322 468 μὲν
1353 410 1579 467 Ῥωμαίων
1619 406 1900 468 αὐτοκράτωρ

230 486 465 543 γενόμενος
495 483 610 528 ἔπτὰ
642 484 689 527 δὲ
719 484 793 526 καὶ
824 481 1097 537 πεντήκοντα
1126 483 1205 537 τῆς
1236 476 1369 537 ἆρχῆς
1400 479 1495 538 ἔτη,
1527 477 1642 535 πρὸς
1673 476 1739 528 οἷς
1767 479 1900 536 μῆνες

232 554 281 606 ἓξ
308 551 470 611 ἡμέραι
492 552 614 596 δυοῖν
641 552 860 603 πλείονες,
890 548 1049 592 τούτου
1082 548 1129 591 δὲ
1161 544 1279 604 αυτιιῦ
1308 550 1386 591 τοῦ
1411 546 1571 604 χρόνου
1604 546 1904 601 δεκατέσσαρα
1929 554 1952 589 5

232 621 305 679 ε’τη
339 620 546 678 συνῆρξεν
585 615 846 671 Αντώνιος,
886 616 1056 672 βιώσας
1095 615 1169 673 ε’τη
1205 613 1635 673 ἑβδοιιηκονταεπτά.
1705 613 1902 667 διαδέχε-

228 706 305 733 ται
336 689 383 732 δὲ
412 690 477 744 τιιιῖ
507 691 705 743 Καίσαρι
734 684 812 744 τὴν
844 682 1079 742 ἡγεμονιαν
1114 687 1319 739 Τιβέριος
1349 685 1504 740 Νέρων
1533 679 1738 738 γιναικὸς
1768 676 1904 724 αὐτοῦ

223 753 411 808 Ἰουλίας
441 754 537 806 υἱὸς
568 751 642 807 ών,
673 757 822 808 τρίτος
851 749 934 811 ἤδη
967 754 1096 802 οὗτος
1128 747 1429 806 αὐτοκράτωρ,
1468 752 1541 793 καὶ
1579 747 1788 804 πεμπτὸς
1817 743 1898 791 ὕπ’

232 821 366 868 αυτοῦ
398 825 544 903 παρῆν
570 821 803 871 Ιουδαίοις
834 820 1027 875 ἔπαρχος
1058 818 1264 872 διάδοχος
1287 814 1446 875 Ἀννίῳ
1463 815 1632 876 Ῥούφιιι)
1661 811 1904 874 Οὖαλέριος

232 894 423 949 Γρᾶτος·
455 889 505 941 ὃς
535 889 713 940 παύσας
745 889 959 965 ιερᾶσθαι
980 884 1163 930 Ἀνανον
1178 882 1410 943 Ἰσμάηλον
1432 882 1635 942 ἀρχιερέα
1656 880 1906 941 ἀποφαίνει

228 977 307 1003 τον
336 961 416 1002 τοῦ
448 961 584 1012 Φαβί,
614 959 689 1001 καὶ
727 958 883 999 τοῦτον
915 955 961 998 δὲ
991 950 1089 1010 μετ’
1126 950 1175 997 οὗ
1197 952 1313 997 πολὺ
1340 953 1621 1011 μεταστήσας
1647 949 1903 1008 Ἐλεάζαρον

228 1026 306 1070 τὸν
331 1021 520 1069 Ἀνάνου
551 1027 631 1068 τοῦ
676 1021 912 1080 ἀρχιερέως
950 1021 1048 1066 υἱὸν
1079 1018 1393 1066 ἀποδείκνυσιν
1425 1017 1640 1077 ἀρχιερέα.
1702 1019 1904 1064 ἐνιαυτοῦ

231 1095 278 1138 δὲ
310 1094 619 1150 διαγενομένου
649 1094 722 1136 καὶ
753 1091 881 1135 τόνδε
910 1090 1089 1141 παύσας
1118 1094 1290 1145 Σίμωνι
1317 1091 1381 1145 τιιῦ
1401 1091 1616 1143 Καμίθου
1646 1088 1725 1146 τὴν
1757 1083 1904 1144 ἀρχιε-

232 1162 430 1219 ρωσύνην
459 1160 786 1216 παραδίδωσιν.
847 1158 896 1203 οὐ
927 1160 1097 1202 πλείων
1120 1157 1166 1200 δὲ
1196 1158 1269 1200 καὶ
1300 1156 1415 1212 τιιῦδε
1445 1155 1647 1199 ἐνιαυτοῦ
1672 1155 1751 1213 τὴν
1772 1153 1905 1220 τιμὴν

231 1230 374 1285 ἔχοντι
405 1230 621 1285 διεγένετο
649 1227 830 1283 χρόνος,
866 1228 939 1270 καὶ
966 1222 1183 1283 Ἰώσηπος
1215 1222 1236 1268 ὃ
1268 1226 1342 1268 καὶ
1373 1224 1587 1280 Καϊάφας
1619 1222 1822 1277 διάδοχος
1851 1221 1905 1280 ἠν
1953 1266 1956 1268 ,
2023 1236 2025 1238 ·

231 1294 364 1354 αυτιιῦ.
424 1298 498 1340 καὶ
531 1298 703 1352 Γρᾶτος
732 1295 812 1351 μὲν
841 1297 982 1338 ταῦτα
1014 1293 1190 1350 πράξας
1229 1309 1292 1344 εις
1318 1289 1484 1350 Ῥώμην
1523 1290 1794 1348 επανεχώρει
1836 1290 1905 1334 ε’ν-

231 1367 334 1409 δεκα
380 1365 453 1422 ε’τη
501 1364 746 1419 διατρίψας
792 1379 836 1406 εν
875 1358 1090 1419 Ἰοιδαία,
1136 1360 1332 1411 Πόντιος
1373 1360 1420 1403 δὲ
1458 1361 1660 1410 Πιλᾶτος
1699 1358 1906 1413 διάδοχος

231 1429 351 1490 αυτιιῦ
381 1436 495 1491 ἡκεν.

344 1505 382 1544 3.
437 1497 636 1556 Ἡρώδης
678 1498 725 1541 δὲ
763 1516 785 1541 ο
827 1497 1086 1555 τετράρχης,
1127 1495 1203 1539 ἐπὶ
1242 1499 1353 1552 μέγα
1392 1494 1475 1552 γὰρ
1514 1485 1566 1553 ἦν
1604 1496 1669 1551 τῷ
1712 1497 1904 1551 Τιβερίῳ

230 1570 387 1627 φιλίας
426 1567 689 1623 προελθών,
732 1565 1034 1621 οἰκοδομεῖται
1072 1563 1207 1607 πόλιν
1243 1563 1476 1618 επώνυμον
1508 1557 1628 1618 αὖτιιῦ
1662 1560 1906 1618 Τιβεριάδα

228 1646 324 1688 τοῖς
353 1640 608 1693 κρατίστοις
639 1634 871 1683 ἐπικτίσας
903 1628 1037 1689 αὗτὴν
1068 1634 1146 1688 τῆς
1168 1633 1414 1682 Γαλιλαίας
1445 1630 1518 1674 ἐπὶ
1553 1632 1681 1688 λίμνῃ
1711 1632 1766 1688 τῇ
1797 1633 1838 1673 Γ
1835 1646 1904 1673 εν-

229 1704 495 1763 νησαρίτιδι.
545 1702 696 1789 θεριιά
715 1718 764 1745 τε
787 1700 862 1744 οὐκ
884 1697 1075 1743 ἄπωθέν
1097 1699 1216 1743 ἐστιν
1247 1699 1291 1742 ἓν
1312 1698 1449 1756 κώμῃ,
1475 1694 1488 1710 ²
1504 1697 1744 1754 1μμαθοίς
1763 1694 1906 1752 ὄνομα

250 1792 258 1793 7
320 1820 342 1863 ξ
368 1821 407 1853 31
435 1833 478 1845 =
504 1816 692 1851 be11.1u‹1.
720 1815 756 1849 11
783 1816 911 1858 16‘;§
936 1817 978 1849 3b
1002 1832 1047 1844 =
1073 1814 1155 1849 beu.
1182 1813 1262 1848 lud.
1289 1813 1324 1848 11
1352 1815 1427 1847 ι63.

320 1886 822 1962 AMWELatZonarast
815 1920 892 1960 477,
907 1886 1089 1951 Eusebius
1103 1885 1187 1951 hist.
1203 1916 1291 1950 eccl.
1305 1915 1416 2006 12.9sq
1436 1916 1526 1951 dem.
1539 1925 1667 1959 euang.
1676 1914 1796 1949 VIII..
1777 1917 1809 1949 ·.)
1827 1917 1903 1949 100.

321 1980 341 2011 2
368 1978 411 2021 ξς
437 1979 521 2010 32—
528 1977 571 2009 36
596 1985 683 2009 usus
709 1976 766 2009 est
789 1973 974 2008 Eusebius
997 1972 1083 2007 hist.
1109 1972 1196 2007 eccl.
1222 1972 1240 2006 I
1264 1975 1296 2006 9.
1471 1972 1509 2008 δὲ
1535 1982 1603 2006 om.
1629 1971 1662 2005 E
1788 1973 1902 2007 τοῦτο

228 2035 261 2070 Ε
375 2030 532 2070 α’ννῖνοσ
559 2031 591 2065 Ε
707 2034 728 2065 4
753 2030 804 2071 δὲ]
831 2025 867 2066 δ’
894 2025 997 2066 αι’·τιῦ
1020 2029 1052 2064 Ε
1169 2023 1259 2063 *οἶσ
1283 2027 1306 2062 i.
1332 2039 1402 2062 ras.
1429 2029 1461 2063 A
1577 2031 1595 2061 5
1621 2024 1780 2074 ἡμέραιν
1803 2027 1836 2062 Ε

228 2093 356 2127 *δυεῖν
378 2090 418 2124 Μ
512 2085 688 2130 *τούτοις
715 2100 759 2123 ου
783 2088 806 2122 i.
832 2097 904 2122 raS.
931 2088 964 2121 A
988 2082 1136 2122 τούτων
1159 2084 1248 2119 ΜΨ
1318 2080 1468 2126 *αὐτῶι,
1493 2100 1506 2119 ι
1528 2084 1552 2119 i
1575 2095 1648 2119 ras.
1675 2086 1708 2118 A
1799 2086 1905 2120 δεκα-

228 2147 410 2194 τέσσαρα]
437 2146 783 2192 τεσσαρεσκαίδεκα
809 2143 931 2178 ΜΨΕ
1061 2144 1080 2176 6
1105 2139 1168 2187 ἑτι]
1193 2139 1288 2177 επτὰ
1313 2144 1377 2177 καὶ
1403 2134 1665 2188 εβὸομῆκοιτα
1691 2139 1814 2174 ΜΨΕ

230 2208 247 2238 7
273 2200 462 2251 γυναικὸς]
489 2205 559 2250 τῆσ
582 2201 765 2247 γυναικόσ
789 2200 913 2236 ΜΨΕ
1040 2201 1059 2232 8
1086 2199 1204 2234 οὑτοσ
1228 2195 1293 2244 η’δη
1317 2201 1361 2233 tr.
1389 2197 1511 2232 MWE
1638 2196 1841 2241 *πέμπτοσ
1865 2195 1905 2231 Μ

228 2261 377 2306 quintus
402 2259 472 2294 Lat
587 2262 607 2293 9
633 2253 767 2295 ἄννίου
791 2254 940 2304 ῥοὺφου
963 2255 1050 2291 ΜΨ
1076 2268 1233 2291 ανιιιοι
1257 2253 1406 2301 ροίᾳοι
1431 2254 1463 2288 Ε
1570 2249 1835 2299 οὐαλὲριος-
1863 2255 1904 2288 16

229 2313 332 2364 αὐτῷ
356 2317 467 2352 habet
491 2315 626 2350 Euseb.
652 2315 736 2350 hist.
761 2318 798 2350 et
822 2315 914 2349 dem.
1063 2307 1289 2357 ουαλλεριοσ
1311 2311 1386 2346 ΜΕ
1411 2314 1448 2345 et
1473 2309 1625 2344 Eusebii
1648 2320 1772 2355 praep.
1798 2309 1903 2345 codd.

227 2373 375 2419 plurimi
470 2376 510 2408 10
535 2368 620 2415 *ὃς1
647 2383 715 2407 om.
741 2371 874 2406 Euseb.
901 2369 984 2404 hist.
1006 2365 1203 2413 Ῥωμαίων
1228 2364 1442 2415 στρατηγὸς
1465 2367 1555 2401 Eue.
1573 2367 1665 2403 dem.
1782 2361 1903 2403 *παύ-

229 2444 298 2473 σας
323 2426 577 2476 ἀρχιερᾶσθαι
603 2429 690 2464 Eus.
716 2429 807 2463 dem.
925 2424 1121 2467 '‘chon
1147 2437 1270 2459 annau
1297 2425 1368 2459 Lat
1391 2424 1484 2463 (cod.
1509 2424 1554 2463 A)
1575 2420 1708 2459 Ἄνναν
1730 2422 1810 2458 Zon
1829 2420 1904 2460 ”Av-

228 2499 347 2523 νανον
371 2486 522 2520 Eusebii
548 2485 631 2520 hist.
657 2485 761 2520 codd.
786 2483 950 2529 plerique
1092 2486 1127 2516 11
1156 2479 1226 2518 τὸν
1249 2493 1315 2517 om.
1343 2481 1375 2515 E
1520 2480 1636 2526 Φαβί]
1661 2479 1791 2514 EEus.
1817 2479 1901 2515 hist.

229 2545 340 2590 φιαβί
364 2546 397 2577 A
422 2544 529 2589 φαβῆ
552 2542 591 2576 Μ
616 2541 691 2576 iabt'
714 2541 787 2576 Lat
813 2537 924 2586 Φὴβα
950 2539 1040 2574 Eus.
1067 2539 1157 2575 dem.
1263 2538 1329 2575 *δὲ
1354 2548 1422 2573 om.
1448 2537 1538 2571 Eus.
1564 2537 1657 2570 dem.
1755 2538 1794 2570 12
1820 2531 1903 2578 τὸν]
1963 2573 1966 2579 ,

230 2603 297 2637 τοῦ
322 2599 355 2634 E
485 2593 681 2640 *chc'rozss
707 2608 826 2632 annac
850 2596 922 2631 Lat
943 2593 1051 2631 Ἄννα
1077 2595 1154 2630 Zon
1179 2590 1354 2632 Ἀνιτὲιόυ
1379 2592 1530 2628 Eusebii
1554 2593 1638 2627 hist.
1666 2592 1770 2627 codd.
1795 2591 1903 2637 pleri·

229 2667 297 2701 que
323 2658 391 2692 τοῦ
417 2651 569 2692 Ἀνάνου
593 2655 682 2690 Eus.
708 2655 800 2689 dem.
883 2656 922 2688 13
947 2653 1168 2697 *Καμίθου1
1195 2653 1375 2695 Ιιάθίμου
1400 2650 1490 2684 Eus.
1515 2649 1606 2684 dem.
1681 2651 1721 2683 14
1747 2650 1903 2692 πλείων]

228 2714 260 2748 Ε
286 2712 403 2749 πλέον
428 2712 531 2748 codd.
558 2711 646 2747 Eus.
740 2710 805 2747 *δὲ
830 2720 898 2745 om.
925 2709 1013 2744 MW
1096 2705 1191 2754 *τὴν
1217 2719 1284 2743 om.
1309 2708 1349 2743 M
1445 2709 1485 2742 15
1510 2708 1572 2741 καὶ
1600 2703 1788 2752 Καϊάφας]
1811 2705 1903 2741 Euo.

227 2767 400 2814 καϊάφασ
424 2768 528 2803 codd.
555 2768 670 2803 ELat
765 2770 804 2802 16
830 2765 1073 2813 ἐπαναχωρεῖ
1097 2764 1184 2799 ΜΨ
1210 2760 1460 2810 α’παναχωρεῖ
1483 2762 1515 2797 Ε
1617 2765 1659 2796 ‘20
1686 2758 1902 2810 προελθὼν]

228 2826 260 2861 Ε
287 2822 516 2871 προσελθὼν
540 2825 643 2860 codd.
662 2824 884 2871 perveniens
907 2822 981 2858 Lat
1124 2824 1163 2857 21
1191 2822 1440 2868 γενησαρίτιδι
1466 2818 1540 2854 ΜΕ
1563 2830 1719 2864 qenesar
1742 2819 1814 2854 Lat

229 2886 282 2924 τε]
308 2882 345 2918 (δὲ
369 2881 457 2916 MW
551 2884 592 2915 22
618 2878 769 2917 ἄποθεν
795 2881 826 2915 Ε
852 2883 888 2915 et
912 2891 956 2915 ex
981 2890 1074 2914 corr.
1100 2880 1133 2913 A
1207 2876 1321 2919 ἐστιν]
1348 2877 1379 2912 Ε
1405 2873 1550 2912 ἔνεστιν
1574 2875 1677 2910 codd.
1774 2869 1903 2919 Ἀμμα-

229 2936 335 2981 θοὺς]
362 2933 539 2982 ιῖμμαοῦσ
565 2937 610 2970 Ψ
637 2932 817 2981 ἅμαθοῦσ
843 2937 874 2971 Ε
899 2935 1068 2970 amathus
1092 2936 1163 2971 Lat
