2051 3397
558 225 717 269 ANT1Q.
745 223 839 260 IUD.
867 221 952 258 XIX
977 226 1110 258 ξιτ-63
1136 227 1170 262 (1.
1186 228 1213 253 υ.
1235 225 1285 263 ιιι)
1674 218 1751 256 221

93 339 154 387 ὦν
185 336 238 385 ὃν
270 338 400 392 αὐτὸς
431 339 631 392 πάθοιμι
663 337 811 381 &latich
844 338 1215 395 ε’τεριφερόμενος·
1256 332 1305 379 οὖ
1335 337 1418 394 γὰρ
1450 333 1581 390 σχολὴ
1613 332 1757 376 κινδύ-

94 426 195 461 νους
222 427 299 465 μοι
330 415 556 451 κατανοεῖν
587 405 687 455 τοίς
719 404 907 459 ε’μαιτοῦ
940 405 1150 448 δουλώσει
1186 422 1230 447 τε
1264 404 1481 460 τατρίὸος
1512 401 1757 454 ἐλευθερω-

92 478 227 535 τάτης
258 476 520 530 ἐπαλγοῦντι
549 475 637 515 ‘coh
670 470 814 528 νόμων
845 476 921 531 τῆς
953 470 1107 530 ἀρετῆς
1139 470 1421 529 ἀφηρημένης
1452 486 1552 520 τοις
1573 485 1619 511 τε
1643 467 1756 510 πάν-

92 561 173 595 τας
217 540 485 598 ἀνθρώπους
530 536 721 596 ὀλέθροι
764 541 836 584 διὰ
883 538 1014 584 Ιαίον
1051 540 1382 598 κατειΙηιῙότος.
1452 537 1574 588 ἄξιος
1614 534 1654 578 δ’
1704 553 1757 578 αν

45 624 66 659 ὓ
93 611 186 668 εἰἠν
218 610 339 666 παρὰ
372 612 440 653 σοὶ
477 610 659 666 δικαστῇ
692 613 886 660 πίστεως
919 609 992 652 ἐπὶ
1026 608 1246 654 τοιούτοις
1285 606 1509 663 τυγχάνειν
1551 602 1635 646 ἔπι)
1683 605 1757 646 τοῦ

91 674 226 734 ὅμοια
257 686 435 735 φρονεῖν
467 673 617 726 αὐτοῖς
647 680 716 719 καὶ
752 678 796 719 σὶ
829 677 887 734 μὴ
921 674 1253 734 αιι·ι,λλιὶχῧαι.“

208 749 271 788 10.
336 744 634 794 [Μινουκιανὸς
665 746 707 787 di
742 744 819 802 την
851 743 988 802 ὁρμιζν
1018 747 1105 786 τιῦν
1137 743 1276 799 λόγων
1298 741 1580 795 θεασάμενος
1612 736 1758 796 ἠσπά-

93 812 186 866 ζετό
218 829 265 855 τε
297 808 497 866 ἀσμένως
528 814 597 855 καὶ
633 816 1004 867 προσπαρίστατο
1044 811 1121 869 τὴν
1151 811 1318 865 τόλμαν
1351 805 1483 852 αἰτοῖ
1520 808 1760 856 ἐπαινέσας

90 898 140 925 τε
168 883 239 924 καὶ
273 878 589 934 ἁσπασάλιιενος
618 877 717 934 μετ’
755 879 888 934 ευχιῦν
909 882 980 923 καὶ
1006 881 1191 930 ἱκετείας
1213 876 1473 921 ἀπελύοντο.
1532 879 1603 919 καὶ
1639 875 1759 929 ἰσχυ-

28 961 65 997 10
93 948 262 1005 ρίζοντό
294 965 409 999 τινες
440 946 500 998 ὦς
529 951 738 1003 βεβαιοῦν
768 947 822 990 τὰ
855 948 1060 1006 εἰρημένα
1085 964 1105 987 *
1130 946 1346 997 εἰσιόντος
1376 944 1457 1002 γὰρ
1491 945 1552 995 εἷς
1582 943 1631 986 τὸ
1654 948 1759 999 βου-

94 1016 319 1074 λευτήριον
360 1019 556 1072 Χαιρέου
603 1015 752 1073 φωνην
800 1014 844 1058 ἐκ
887 1018 964 1058 τοῦ
1014 1015 1219 1072 πλήθους
1265 1016 1476 1070 γενέσθαι
1514 1012 1635 1063 τινὸς
1678 1007 1753 1054 ἐπ’

94 1083 326 1142 ἐξορμήσει
356 1084 607 1134 κελεύοντος
643 1087 870 1140 περαίνειν
899 1084 978 1138 μὲν
1009 1083 1060 1141 δὴ
1091 1082 1140 1125 τὸ
1174 1084 1394 1138 πρακτέον
1424 1083 1495 1124 καὶ
1528 1082 1761 1137 προσλαμ-

93 1151 245 1207 βάνειν
275 1150 323 1194 τὸ
359 1151 602 1206 δαιμόνιον.
662 1154 734 1195 καὶ
764 1150 840 1194 τὸν
870 1154 1069 1206 Χαιρέαν
1100 1149 1148 1193 τὸ
1181 1150 1260 1204 μὲν
1292 1151 1469 1204 πρῶτον
1500 1146 1760 1201 ὑπιδέσθαι,

95 1218 153 1277 μὴ
194 1223 267 1262 καί
304 1236 424 1270 τινος
462 1222 548 1262 τῶν
588 1221 850 1274 συνωμοτῶν
891 1219 1115 1275 προδότου
1144 1217 1372 1274 γεγονότος
1403 1214 1649 1269 ἁλίσκοιτο,
1689 1218 1762 1259 καὶ

29 1300 67 1334 15
96 1288 222 1338 τέλος
260 1290 442 1330 συνέντα
481 1286 558 1330 ἐπὶ
597 1289 831 1344 προτροπῇ
871 1290 1021 1344 φέρειν
1057 1289 1234 1341 πρῶτον
1265 1285 1354 1328 εἴτε
1383 1287 1646 1340 παραινέσει
1675 1286 1762 1327 τῶν

98 1355 427 1411 συνεγνωκότων
467 1351 860 1412 ἀντισημαίνοντός
897 1371 1036 1406 τινος,
1077 1354 1165 1397 εἴτε
1206 1353 1256 1411 δὴ
1296 1354 1369 1396 καὶ
1413 1355 1490 1395 τοῦ
1536 1355 1668 1405 θεοῦ,
1715 1351 1764 1403 ὃς

98 1422 241 1480 ἐφορᾷ
270 1422 325 1465 τὰ
357 1418 638 1478 ἀνθρώπινα,
672 1423 875 1479 αἴροντος
907 1418 1052 1465 αὐτόν.
1113 1421 1366 1479 διεληλύθει
1399 1421 1445 1463 δὲ
1477 1419 1551 1464 διὰ
1583 1421 1763 1463 πολλῶν

95 1490 145 1533 τὸ
181 1490 480 1545 ἐπιβούλειμα
511 1493 581 1534 καὶ
614 1490 778 1541 πάντες
809 1490 853 1533 ἐν
885 1485 1044 1541 όπλοις
1080 1492 1306 1547 παρῆσαν,
1349 1489 1390 1532 οἱ
1429 1488 1507 1543 μὲν
1545 1491 1631 1531 τῶν
1660 1492 1765 1542 βου-

98 1559 261 1601 λευτῶν
292 1555 414 1608 όιτες
445 1559 487 1601 οἱ
520 1559 567 1601 ὁὲ
600 1559 758 1609 ἱππεῖς
778 1560 849 1601 καὶ
873 1555 1038 1601 ὁπόσοι
1059 1560 1136 1600 τοῦ
1163 1559 1479 1613 στρατιωτικοῦ
1501 1556 1763 1613 συιηόεσαν·

28 1637 67 1672 m
96 1622 240 1676 οὐδεὶς
278 1625 360 1681 γὰρ
402 1625 451 1683 ἡν
513 1642 563 1676 ος
591 1643 650 1683 μη
684 1625 728 1668 ἓν
759 1621 1020 1683 ευὸαιμονία
1052 1644 1103 1668 αν
1134 1622 1320 1683 ἠρίθμει
1348 1624 1427 1682 τὴν
1459 1626 1595 1667 Γαίου
1630 1623 1766 1678 μετά-

98 1705 276 1737 στασιν·
315 1694 387 1736 καὶ
429 1689 488 1736 δι’
526 1689 630 1736 αυτὸ
664 1692 828 1744 πάντες
860 1688 1093 1751 ἠπείγοντο
1125 1690 1272 1749 οποίῳ
1305 1692 1481 1736 δύναιτό
1513 1707 1581 1742 τις
1609 1691 1765 1748 τρόπω

97 1761 208 1818 μηδὲ
239 1760 347 1804 ἒκιὺν
379 1758 442 1804 ειι
446 1778 493 1803 αι
523 1762 600 1818 τῆς
631 1760 707 1803 ἐπὶ
737 1777 960 1811 τοιουτοις
991 1756 1146 1818 αρετῆς
1175 1758 1394 1824 ὑστερεῖν3
1436 1755 1534 1802 ἀλλ
1580 1757 1638 1811 ὡς
1675 1759 1766 1814 ε’χοι

100 1832 360 1885 προθυμίας
398 1822 424 1886 τ’]
457 1828 682 1883 δυνάμεως
711 1829 784 1871 καὶ
816 1827 963 1884 λόγοις
993 1830 1065 1871 καὶ
1099 1823 1158 1871 δι
1196 1845 1332 1884 εργων
1362 1826 1468 1885 ἠρτο
1501 1827 1578 1871 επὶ
1607 1845 1659 1884 τῃ
1691 1845 1766 1870 τυ-

211 1974 369 2010 ΑΜΨΕ
377 1975 449 2011 Lat

215 2034 228 2065 1
257 2027 305 2067 ἄν
329 2042 396 2067 om.
422 2033 455 2066 A
546 2028 734 2068 κινδύνοισ
758 2031 844 2065 ΜΨ
948 2034 967 2065 2
992 2044 1057 2075 μοι
1076 2041 1142 2066 om.
1162 2030 1249 2065 MW
1343 2036 1429 2067 τοῖσ
1454 2030 1542 2065 ΜΨ
1636 2033 1654 2065 3
1680 2033 1768 2073 τῶν]

100 2090 178 2124 τῶν
200 2089 263 2124 καὶ
286 2087 375 2123 ΜΨ
444 2091 465 2123 4
490 2083 725 2134 ἀνθρώπουσ
748 2088 772 2122 i.
791 2098 902 2133 marg.
923 2088 1041 2132 suppl.
1057 2099 1103 2122 m.
1126 2091 1140 2122 1
1162 2088 1198 2121 M
1269 2084 1373 2130 ἄξιος
1400 2108 1439 2112 ——
1467 2090 1486 2121 6
1513 2082 1768 2133 ἀπηλλάχθαι]

100 2143 234 2189 diqnus
257 2143 349 2178 enim
373 2154 451 2178 sum
475 2144 576 2190 apud
601 2149 634 2179 te
656 2144 809 2179 iudicem
829 2144 939 2189 fidem
963 2154 1085 2179 rerum
1111 2143 1328 2185 huiusmodi,
1353 2143 1503 2189 quando
1527 2144 1636 2179 etiam
1655 2150 1693 2178 ῑιι
1709 2154 1768 2178 sa-

96 2209 190 2246 pere
215 2199 302 2234 talia
326 2199 574 2245 comprobaris
591 2200 662 2236 Lat
754 2204 773 2235 5
798 2198 853 2247 εἴη
868 2202 903 2236 Α
994 2196 1083 2244 ὑπὸ]
1106 2197 1169 2236 ἐπὶ
1192 2199 1280 2234 ΜΨ
1375 2202 1393 2234 S
1418 2196 1632 2244 *α’σμένως]
1657 2198 1772 2244 ἄσμε-

103 2267 174 2290 νοσ
198 2254 285 2288 ΜΨ
310 2254 460 2290 libenter
484 2255 555 2290 Lat
689 2257 1024 2303 προσπαρίστατο]
1056 2255 1312 2304 προσηρέθιζε
1338 2256 1370 2290 Ε
1509 2259 1528 2291 9
1554 2252 1770 2293 *α’πελὺετο

105 2309 227 2344 ΜΨΕ
251 2309 385 2344 dimisit
410 2309 481 2345 Lat
595 2311 684 2347 *καὶ
709 2322 779 2347 om.
803 2312 891 2347 MW
1017 2316 1081 2348 καὶ
1105 2310 1346 2358 ἰσχυρίζοντό
1371 2327 1426 2339 --’
1443 2316 1482 2347 10
1508 2309 1554 2348 τὰ
1581 2312 1769 2360 εἰρημένα]

105 2365 252 2411 quidam
288 2366 381 2401 enim
413 2365 677 2402 adseuerabant
707 2378 750 2402 ea
781 2379 874 2414 quae
904 2369 1159 2415 coqitabantw·
1188 2369 1345 2415 quodam
1378 2369 1543 2415 auspicio
1566 2369 1685 2414 sitisse
1705 2369 1771 2414 fir-

105 2426 205 2456 mata
228 2421 299 2456 Lat
411 2419 651 2467 ἰσχυρίζοντό
676 2443 719 2448 -
747 2428 786 2458 10
811 2424 987 2471 εἰρημένα
1014 2437 1082 2462 om.
1108 2426 1141 2461 E
1236 2429 1276 2461 10
1300 2427 1487 2472 βεβαιοῦν
1511 2422 1570 2467 τὰ]
1595 2426 1771 2471 βεβαίωσ

106 2479 224 2514 ταῦτα
248 2476 335 2512 ΜΨ
449 2475 536 2524 γὰρ]
561 2478 599 2515 δὲ
622 2479 710 2514 ΜΨ
733 2492 816 2516 nam
840 2482 923 2526 Lat,
947 2492 1016 2517 om.
1042 2481 1075 2517 E
1200 2479 1343 2529 φωνὴν]
1369 2478 1499 2527 φωνὴν
1521 2481 1670 2528 λέγεται
1692 2481 1727 2516 Ε

108 2537 146 2568 11
175 2533 365 2580 γενέσθαι]
388 2533 512 2579 fertur
535 2535 665 2570 emissa
687 2535 760 2572 Lat
867 2534 971 2581 τινὸς
995 2549 1062 2574 om.
1088 2538 1121 2574 E
1216 2540 1257 2572 12
1282 2535 1517 2580 κελεύοντος]
1541 2535 1772 2574 κελεύουσαν

106 2589 141 2624 Ε
232 2589 387 2637 πέραινε
410 2589 517 2625 ELat
609 2587 948 2639 προσλαμβανοιτο
975 2594 1007 2629 Ε
1104 2597 1142 2629 13
1168 2593 1377 2636 ὑπιδέσθαι,
1402 2609 1414 2630 ι
1438 2594 1462 2629 i.
1478 2604 1548 2628 ras.
1574 2595 1608 2629 A
1631 2591 1772 2630 ὓπειδέ-

106 2648 199 2683 σθαι
223 2645 346 2680 ΜΨΕ
463 2649 504 2681 14
529 2650 752 2691 συνομοτιῦν
776 2648 808 2683 Ε
925 2653 965 2685 15
990 2653 1207 2697 προτροπῇ]
1232 2652 1357 2696 τροπῇ
1381 2650 1415 2684 Ε
1522 2652 1679 2696 πρῶτον
1702 2660 1771 2686 om.

106 2701 220 2738 ELat
313 2705 352 2736 17
379 2696 602 2748 οἷνθριόπεια
626 2703 660 2738 Ε
768 2699 897 2746 αὐτὸν]
923 2700 1042 2742 αυτὸν
1065 2708 1256 2752 θαρσῆσαι
1280 2706 1313 2740 Ε
1408 2708 1450 2740 18
1477 2703 1772 2752 *ἐπιβουλευμα1

106 2755 331 2804 ἐπιτήδευμα
355 2758 394 2793 Μ
486 2759 593 2795 *τῶν
616 2770 683 2795 om.
709 2759 796 2794 MW
895 2763 937 2794 20
961 2759 1120 2804 *οὐδεὶς1
1145 2775 1193 2808 γρ
1218 2765 1270 2803 εἰς
1292 2757 1368 2807 γὰρ
1394 2757 1518 2798 ουδεὶσ
1542 2762 1587 2807 ἠν
1608 2761 1633 2796 i.
1659 2773 1772 2807 marg.

107 2815 142 2849 A
221 2808 293 2860 *ἧν
319 2809 373 2857 ὃς]
398 2812 506 2851 τινόσ
529 2815 617 2850 ΜΨ
708 2811 770 2861 μὴ]
797 2828 866 2852 ουκ
888 2816 934 2860 Ε,
959 2828 1026 2853 om.
1052 2817 1140 2852 MW
1231 2815 1294 2853 *εν
1317 2827 1385 2852 om.
1403 2818 1443 2853 M
1535 2814 1582 2854 ἄν
1605 2813 1773 2865 ηρίθμει]

108 2871 201 2906 coni.
227 2866 429 2918 οἷνηρίθμει
452 2871 556 2907 codd.
582 2867 735 2918 ἠρίθμει
753 2871 785 2906 Ε
863 2874 901 2906 21
929 2868 1006 2908 *δι’
1033 2868 1150 2909 αυτοῦ
1171 2872 1259 2908 ΜΨ
1341 2876 1382 2908 22
1407 2875 1511 2920 *τῆς]
1537 2880 1624 2911 τοῖσ
1641 2875 1730 2911 ΜΨ

109 2924 306 2972 *ὑστερεῖν
329 2923 469 2973 α’ρετῆσ
492 2930 536 2963 tr.
562 2927 651 2962 ΜΨ
779 2930 821 2963 23
846 2922 953 2975 ἦρτο]
977 2922 1096 2974 ἦρκτο
1120 2929 1154 2963 A
1178 2933 1282 2964 erant
1306 2949 1350 2954 —
1367 2931 1591 2977 praeparati
1610 2931 1684 2967 Lat

110 2983 158 3028 τῇ
183 2991 250 3017 om.
276 2982 364 3018 MW

1793 1154 1842 1193 61

1795 1426 1847 1466 62

1797 1698 1850 1738 63
