2074 3392
103 424 181 465 361

103 628 184 669 362

102 1104 183 1146 363

102 1378 184 1418 364

100 1584 182 1625 365

101 1857 183 1898 366

215 245 297 284 206
641 245 804 289 ANTIQ.
829 245 926 281 IUD.
951 246 1075 281 XVIII
1098 249 1277 282 360-366
1303 249 1363 289 (lx.
1380 253 1407 280 e.
1425 250 1456 290 τ)

214 376 263 402 τε
292 358 488 441 γαμβρὸς
518 350 579 400 ὢν
608 360 683 401 καὶ
715 358 849 415 ταύτῃ
880 361 1087 415 τιμωρῶν
1117 360 1524 418 τιμωρηθήσεσθαι
1555 359 1658 411 τοῦς
1680 358 1888 417 ὖβρίσαν-

215 443 295 477 τας
327 425 390 476 εἰς
420 421 555 470 αὐτὸν
585 425 927 482 περιορώμενος,
961 421 1148 481 ἀγαπῶν
1179 428 1226 470 δὲ
1250 427 1328 486 τὴν
1351 431 1573 486 σωτηρίαν
1594 427 1705 482 μετὰ
1728 428 1888 484 αἰχμα-

217 496 383 537 λωσίαν
414 491 503 537 υπὸ
531 489 756 538 Ιουδαίων
788 488 958 548 ἀνδρῶν
989 497 1244 552 γενομένην·
1281 498 1355 539 καὶ
1386 498 1460 538 νῦν
1492 494 1779 552 επανάδραμε
1807 496 1888 554 τὴν

216 557 405 642 ἀρετήν,
418 555 446 620 ἢ
475 561 612 613 θεους
642 561 863 616 ἐπόμνυμι
894 577 997 611 τους
1024 563 1279 616 βασιλείους
1308 555 1354 630 ἦ
1365 563 1450 621 μὴν
1474 563 1890 620 παραλυθήσεσθαι

215 632 291 687 τῆς
321 628 436 710 πρὸς
467 630 516 673 σὲ
547 629 624 673 ἐπὶ
661 629 788 686 γάμῳ
826 631 1104 679 κοινωνίας.“
1160 627 1182 673 ὃ
1221 630 1268 673 δὲ
1300 630 1353 674 αὖ
1383 633 1514 674 τοῦτο
1545 631 1625 685 ιιὲν
1655 633 1743 674 τῶν
1774 627 1891 676 ὄνει-

216 698 304 741 διῦν
334 697 414 755 τὴν
444 693 553 741 καθ’
588 695 755 755 ἡμέραν
787 692 1017 754 ἀχθηδόνα
1046 695 1106 755 μὴ
1139 700 1307 755 φέρων,
1338 701 1469 743 τοῦτο
1502 699 1549 742 δὲ
1579 701 1657 755 τῆς
1686 698 1890 755 γυναικὸς

214 765 293 824 τὴν
313 765 706 823 μεγαλοφροσύνην
729 763 898 817 δεδιώς,
929 763 988 821 μὴ
1012 764 1288 821 παραλύοιτο
1312 762 1444 810 αὐτοῦ
1466 769 1554 810 τῶν
1574 766 1740 823 γάμων,
1773 763 1890 811 ἄκων

214 834 294 889 μὲν
324 836 398 878 καὶ
427 833 485 891 μὴ
516 833 785 888 βουλόμενος
816 831 994 888 συνάγει
1026 828 1064 874 δ’
1101 826 1177 875 οὖν
1209 832 1398 889 στρατὸν
1419 830 1525 878 ὅσον
1547 834 1729 878 ἐδύνατο
1760 836 1891 879 πλεῖ-

216 917 320 945 στον
358 904 433 945 καὶ
471 898 656 959 ἤλαυνεν
695 896 770 943 οὐκ
811 896 1051 954 ἀνασχετὸν
1088 898 1417 956 ὗπολαμβάνων
1449 902 1514 945 ἔτι
1542 905 1615 946 καὶ
1649 898 1782 953 αὐτὸς
1811 901 1891 960 τὴν

216 973 458 1027 σωτηρίαν,
500 968 539 1012 εἰ
569 972 839 1024 Παρθυαῖος
878 961 939 1010 ὢν
976 965 1064 1011 «ὕπὸ
1093 967 1308 1012 Ἰουδαίου
1338 973 1618 1023 περιωθοῖτο
1655 966 1892 1014 ἀντιπολε-

214 1040 416 1092 μοῦντος.

331 1109 369 1148 7.
424 1101 650 1155 Ἀνιλαῖος
689 1104 736 1147 δὲ
775 1101 836 1155 ὦς
873 1103 1098 1158 μανθάνει
1137 1104 1500 1158 προσελαύνοντα
1532 1104 1715 1160 δυνάμει
1744 1107 1891 1164 πολλῇ

214 1172 292 1217 τὸν
323 1171 622 1230 ,Μιθριδάτην
653 1169 812 1223 ἄδοξον
843 1169 1120 1230 ἡγησάμενος
1150 1170 1200 1214 τὸ
1233 1174 1381 1226 μένειν
1406 1171 1451 1215 ἓν
1472 1181 1566 1223 τοῖς
1588 1172 1744 1227 ἕλεσιν,
1776 1169 1890 1217 ἀλλὰ

214 1241 273 1299 μὴ
313 1241 501 1298 φθάσας
537 1237 826 1292 ὑπαντιάζειν
856 1238 960 1290 τοὺς
989 1241 1255 1294 πολεμίους,
1297 1236 1473 1298 εὐτυχίᾳ
1511 1257 1559 1283 τε
1588 1243 1642 1298 τῇ
1672 1240 1891 1298 πρότερον

215 1309 406 1361 ἐλπίζων
445 1308 581 1364 ὅμοια
620 1307 808 1365 πράξειν
846 1310 921 1351 καὶ
958 1306 1036 1364 τήν
1066 1323 1114 1350 τε
1146 1302 1304 1365 ἀρετὴν
1333 1317 1428 1359 τοῖς
1457 1309 1656 1363 τολμῶσι
1686 1311 1760 1352 καὶ
1792 1307 1893 1352 εἰω-

213 1377 352 1420 θόσιν
381 1380 570 1432 θαρρεῖν
600 1376 967 1433 παρατυγχάνειν,
1000 1374 1123 1432 ἐξῆγε
1152 1374 1230 1434 τὴν
1263 1375 1462 1430 δύναμιν.
1522 1377 1686 1419 πολλοί
1709 1392 1758 1420 τε
1777 1375 1893 1433 πρὸς

211 1447 277 1501 τῷ
309 1445 457 1501 οἰκείῳ
489 1447 664 1501 στρατῷ
695 1443 1072 1500 προσεγεγόνεσαν
1108 1438 1229 1500 αὐτῷ
1259 1438 1368 1486 καθ’
1405 1442 1611 1502 ἁρπαγὴν
1641 1446 1728 1487 τῶν
1759 1439 1892 1488 ἆλλο-

213 1517 348 1569 τρίων
379 1512 715 1570 τραπησόμενοι
743 1514 818 1556 καὶ
848 1509 958 1568 ὄψει
988 1513 1079 1554 πᾶν
1100 1511 1483 1570 προεκπλήξοντες
1509 1511 1613 1562 τοὺς
1633 1513 1890 1567 πολεμίους.

214 1583 426 1637 προϊοῦσι
465 1581 513 1624 δὲ
552 1576 704 1631 αὐτοῖς
742 1580 806 1631 εἷς
845 1580 1054 1630 σταδίους
1091 1578 1346 1636 ἐνενήκοντα
1383 1582 1456 1623 καὶ
1489 1579 1563 1622 διὰ
1592 1582 1670 1639 τῆς
1701 1575 1890 1636 ἀνύδρου

213 1652 290 1707 τῆς
327 1654 514 1705 πορείας
550 1652 784 1706 γενομένης
821 1651 895 1692 καὶ
934 1651 1210 1705 μεσημβρίας
1247 1647 1302 1690 τά
1342 1665 1391 1691 τε
1433 1645 1546 1691 άλλα
1589 1650 1749 1706 περιῆν
1787 1648 1890 1693 τότε

213 1736 262 1761 το
297 1718 434 1774 δίψος
462 1720 537 1761 καὶ
558 1713 855 1775 Μιθριδάτης
885 1715 1124 1774 επιφανεὶς
1145 1717 1398 1795 προσέβαλε
1422 1717 1891 1774 τεταλαιπωρημένοις

214 1781 386 1843 ἀπορίᾳ
416 1788 494 1829 τοῦ
525 1794 646 1830 πιεῖν
675 1787 749 1829 καὶ
781 1781 844 1829 δι>
889 1781 994 1828 αὐτὸ
1037 1787 1111 1828 καὶ
1149 1783 1228 1842 τὴν
1260 1780 1378 1840 ὥραν
1407 1787 1562 1863 φέρειν
1592 1783 1647 1827 τὰ
1679 1779 1800 1828 όπλα
1829 1783 1888 1842 μὴ

216 1854 488 1908 δυναμένοις.
547 1870 691 1910 τροπη
723 1869 772 1896 τε
803 1852 878 1896 οὖν
908 1857 1076 1909 γίνεται
1106 1854 1195 1895 τῶν
1234 1854 1340 1907 περὶ
1370 1850 1448 1895 τὸν
1473 1847 1701 1895 Ἀνιλαῖον
1733 1851 1892 1906 αἰσχρὰ

215 1921 290 1965 διὰ
320 1920 369 1965 τὸ
405 1917 762 1978 άπηγορεικότας
793 1916 1058 1977 ἀκραιφνέσι
1087 1922 1435 1976 προσφέρεσθαι
1471 1921 1543 1962 καὶ
1583 1919 1721 1976 φόνος
1750 1919 1892 1971 πολὶς

214 1991 383 2033 πολλαί
419 2006 467 2032 τε
505 1984 717 2044 μυριάδες
757 1988 919 2032 ἔπεσον
959 1983 1151 2042 ἀνδρῶν,
1187 1982 1412 2037 Ἀνιλαῖος
1453 1987 1500 2029 δὲ
1538 1989 1610 2030 καὶ
1649 1982 1756 2030 ὅσον
1786 1990 1890 2043 περὶ

327 2171 485 2207 AMWE
497 2171 568 2206 Lat

330 2234 345 2264 1
372 2243 414 2266 τε
439 2239 507 2263 om.
533 2228 574 2262 M
710 2224 1059 2274 τιμωρηθήσεσθαι,
1084 2240 1107 2263 σ
1131 2226 1180 2268 (in
1206 2230 1261 2267 σε)
1286 2225 1404 2270 suppl.
1431 2225 1464 2259 A
1489 2222 1776 2271 τιμωρήσεσθαι
1801 2225 1891 2261 ΜΨ

212 2284 505 2334 τιμωρήσασθαι
531 2285 563 2320 Ε
657 2287 676 2319 2
702 2284 967 2331 αἰχμαλωσίασ
992 2283 1080 2318 ΜΨ
1187 2286 1206 2317 3
1230 2278 1418 2319 Ἰουδαίων
1443 2277 1604 2328 ἀνδρῶν]
1629 2281 1654 2316 i.
1679 2293 1790 2327 marg.
1816 2287 1891 2320 ϊου-

213 2347 322 2382 δαίου
355 2340 500 2391 α’νδρόσ
523 2343 557 2377 A
588 2341 714 2376 iudaei
744 2341 899 2376 hominis
923 2340 994 2376 Lat
1132 2342 1151 2374 8
1176 2335 1240 2375 *δ’
1267 2333 1346 2381 οὖν]
1371 2341 1465 2385 γοῦν
1488 2338 1579 2373 ΜΨ
1727 2334 1888 2385 ἠδύνατο

211 2402 337 2438 ΜΨΕ
430 2404 450 2436 9
475 2396 648 2436 *ἐλαύνει
672 2397 762 2433 ΜΨ
867 2393 1081 2444 α’νασχετὴν
1105 2396 1144 2431 Μ
1255 2399 1294 2431 10
1321 2395 1501 2432 ἰουδαίων
1521 2395 1609 2430 ΜΨ
1633 2394 1750 2430 iudeis
1772 2395 1846 2431 Lat

214 2454 574 2502 ἀντιπολεμούντων
598 2454 638 2489 Μ
662 2453 742 2496 (sic)
851 2458 891 2488 15
917 2451 1085 2499 πράξειν]
1111 2450 1267 2496 πράξειν
1291 2449 1385 2489 τοὺσ
1409 2452 1622 2496 πολεμίουσ
1645 2451 1735 2487 ΜΨ
1825 2453 1890 2488 καὶ

213 2513 281 2562 τήν
306 2536 348 2539 -
376 2516 417 2549 16
442 2508 761 2559 παρατυγχάνειν]
791 2510 1008 2545 audentibus
1038 2510 1185 2544 uirtutis
1217 2509 1323 2544 etiam
1355 2509 1469 2544 robur
1493 2509 1703 2544 adcrescere
1727 2508 1799 2544 Lat

212 2574 275 2607 καὶ
300 2568 368 2617 τήν
392 2584 433 2607 τε
458 2590 502 2595 -
528 2565 747 2611 εἰΙωθόσιν,
771 2567 840 2602 litt.
866 2569 930 2603 καὶ
955 2563 1022 2613 τήν
1046 2586 1089 2591 -
1115 2566 1150 2603 εί
1170 2566 1194 2600 i.
1212 2577 1284 2601 ras.
1303 2577 1349 2600 m.
1368 2569 1387 2600 2
1405 2567 1438 2601 A
1462 2567 1525 2602 καὶ
1550 2563 1617 2612 τήν
1642 2578 1682 2602 τε
1707 2562 1890 2612 τόλμησιν

212 2631 276 2664 καὶ
301 2621 461 2664 εἰωθόσι
485 2626 573 2661 ΜΨ
668 2628 710 2660 16
734 2622 873 2670 *ἐξῆγε]
900 2621 985 2670 ἑξῆσ
1010 2623 1099 2659 ΜΨ
1173 2626 1212 2659 18
1237 2626 1301 2660 καὶ
1327 2620 1417 2669 ὄψει
1439 2642 1484 2648 -
1509 2623 1725 2667 πολεμίους]
1750 2626 1784 2657 et
1807 2622 1889 2668 ipsa

210 2685 332 2731 prima
356 2684 455 2730 facie
479 2687 654 2718 terrorem
679 2680 840 2717 hostibus
865 2679 1042 2714 inlaturos
1067 2679 1138 2715 Lat
1219 2682 1307 2722 πᾶν]
1333 2677 1446 2716 πάλιν
1464 2679 1552 2714 ΜΨ
1622 2674 1887 2724 προσΙέκπλή·

214 2745 350 2785 ξαντεσ
374 2742 408 2776 Α
503 2742 543 2774 19
569 2741 801 2785 *προσιοῦσι
826 2736 908 2772 ΑΨ
1016 2731 1052 2771 δ’
1077 2736 1109 2771 Ε
1216 2733 1467 2783 ἐννενήκοντα
1492 2735 1524 2770 Ε
1549 2738 1585 2770 et
1609 2746 1653 2770 ex
1678 2745 1770 2771 corr.
1794 2733 1841 2768 W

216 2801 257 2832 20
282 2800 345 2834 καὶ
370 2797 606 2844 μεσημβρίας
632 2816 672 2819 -
700 2797 737 2829 21
767 2794 892 2839 δίψος]
916 2792 980 2828 sed
1006 2793 1122 2828 medio
1146 2793 1204 2828 dfe
1228 2793 1362 2828 ardore
1384 2792 1472 2827 solis
1496 2792 1634 2836 inqcnti
1658 2791 1737 2825 sitis
1761 2791 1888 2826 iudces

215 2859 371 2899 occupat
395 2854 468 2890 Lat
557 2852 806 2899 μεσημβρίας]
831 2851 1074 2897 μεσημβρίασ
1099 2847 1216 2896 οἰῖσησ
1241 2849 1273 2884 Ε
1366 2845 1412 2885 τά
1439 2861 1478 2886 τε
1505 2845 1599 2884 ἄλλα
1625 2857 1691 2882 om.
1717 2846 1841 2882 MWE

214 2913 349 2955 περιῆν
382 2907 481 2951 τότε]
514 2907 605 2946 τότε
638 2911 770 2955 περιῆν
802 2920 843 2944 τε
868 2907 956 2942 MW
987 2909 1121 2953 περιῆν
1145 2903 1189 2943 τὸ
1215 2906 1248 2941 Ε
1387 2908 1426 2939 21
1455 2904 1722 2951 *προσέβαλλε
1748 2902 1795 2937 W

215 2969 258 3001 22
282 2968 412 3001 *πιεῖν
436 2977 480 3001 ex
505 2972 629 3002 ποιεῖν
653 2976 745 3001 corr.
771 2965 819 3000 W
935 2959 983 3000 δι’
1010 2960 1117 3005 αι’-τὸ]
1143 2959 1200 2999 διὰ
1226 2959 1271 2999 τὸ
1297 2962 1335 2996 Μ
1449 2965 1490 2997 23
1517 2960 1721 2998 *ιῖνίλαιον
1746 2961 1793 2995 A¹

216 3024 258 3057 24
283 3023 423 3058 πολιαι
448 3026 500 3063 τε]
526 3016 570 3068 ἢν
595 3023 733 3058 πολλαί
759 3034 798 3057 τε
824 3021 846 3055 i.
873 3031 944 3055 ras.
970 3031 1015 3054 m.
1044 3023 1062 3053 2
1088 3021 1122 3054 A

1921 979 1960 1014 10

1924 1318 1962 1352 15
