2074 3392
111 293 164 333 86

111 498 163 539 87

112 901 164 942 88

112 1165 211 1214 89‘

112 1651 165 1690 90

194 177 274 215 156
633 178 797 223 ANTIQ.
823 179 920 215 IUD.
945 179 1069 215 XVIII
1093 183 1226 216 §5—90
1252 183 1311 223 (lv,
1329 183 1426 223 1-3)

193 294 430 342 Μωυσέως
467 292 572 348 τῇδε
613 287 757 335 αὖτιῦν
796 295 1100 349 ποιησαμένου
1137 293 1397 337 κατάθεσιν.
1459 294 1502 337 οἱ
1541 293 1589 336 δὲ
1627 293 1672 337 ἓν
1702 288 1863 346 ὅπλοις

195 376 244 402 τε
264 350 376 415 ἦσαν
397 358 599 402 πιθανὸν
620 357 855 416 ἡγούμενοι
874 357 952 401 τὸν
975 358 1116 415 λόγον,
1146 363 1219 404 καὶ
1241 364 1511 412 καθίσαντες
1541 361 1586 404 ἔν
1607 379 1695 405 τινι
1724 361 1862 419 κώμῃ,

200 425 437 480 Τιραθανὰ
470 428 664 483 λέγεται,
703 425 1048 481 παρελάμβανον
1086 427 1190 478 τους
1229 427 1648 485 ἐπισυλλεγομένους
1687 426 1748 480 ὥς
1785 446 1864 484 με·

194 493 315 550 γάλῳ
356 493 528 551 πλήθει
567 493 647 553 τὴν
688 490 906 548 ἀνάβασιν
937 493 1001 544 εἷς
1030 493 1078 537 τὸ
1112 492 1215 551 ὅρος
1246 496 1553 554 ποιησόμενοι.
1614 496 1784 554 φθάνει
1815 496 1864 540 δὲ

195 561 394 612 Πιλᾶτος
431 561 510 620 τὴν
553 559 712 605 ἄνοδον
753 557 896 604 αὐτῶν
935 563 1384 619 προκαταλαβόμενος
1416 565 1594 608 ἱππέων
1624 580 1671 607 τε
1701 566 1865 622 πομπῇ

194 629 269 671 καὶ
299 625 512 678 ὁπλιτῶν,
545 632 589 672 οἳ
620 629 918 684 συμβαλόντες
947 638 1042 680 τοῖς
1072 628 1116 673 ἐν
1137 633 1190 688 τῇ
1219 631 1341 688 κώμῃ
1373 635 1867 690 προσυνηθροισμένοις

196 696 490 753 παρατάξεως
518 701 752 754 γενομένης
781 696 884 748 τοὺς
913 697 993 752 μὲν
1024 697 1240 751 ἔκτειναν,
1279 698 1382 750 τοὺς
1423 695 1465 742 δ’
1503 699 1565 750 εἰς
1596 698 1738 756 φυγὴν
1767 701 1867 756 τρέ-

195 781 359 808 πονται
391 764 553 822 ζωγρίᾳ
581 781 629 807 τε
659 765 853 815 πολλοὶ-ς
883 756 1000 823 ἦγον,
1033 761 1094 808 ὦν
1123 765 1227 816 τοὺς
1255 767 1636 824 κορυφαιοτάτους
1665 765 1868 818 καὶτοὺς

196 831 241 874 ἕν
272 841 367 883 τοῖς
398 835 587 889 φυγοῦσι
619 833 951 884 δυνατωτάτους
982 832 1145 876 ἔκτεινε
1176 834 1389 884 Πιλᾶτος.

310 903 348 942 2.
410 900 726 951 Καταστάντος
772 901 818 944 δὲ
861 904 941 944 τοῦ
981 897 1179 956 θορύβου
1220 905 1463 957 Σαμαρέων
1500 899 1526 960 ἡ
1564 901 1699 959 βουλὴ
1743 900 1868 958 παρὰ

202 963 460 1010 Οὗιτέλλιον
496 964 714 1011 ὑπατικὸν
754 968 876 1012 ’ίασιν
923 965 1062 1023 ἄνδρα
1101 973 1265 1024 Συρίας
1308 967 1387 1024 τὴν
1434 967 1667 1027 ἡγεμονίαν
1713 968 1868 1022 ἔχοντα

194 1037 266 1077 καὶ
300 1035 502 1078 Πιλάτου
540 1035 810 1093 κατηγόρουν
842 1036 918 1080 ἐπὶ
948 1040 1002 1094 τῇ
1033 1039 1183 1094 σφαγῇ
1213 1039 1302 1079 τών
1340 1032 1661 1081 ἀπολωλότων·
1703 1032 1752 1079 οὗ
1783 1035 1868 1093 γὰρ

196 1102 272 1145 ἐπὶ
318 1098 570 1146 ἀποστάσει
613 1106 701 1146 τῶν
741 1101 985 1159 Ῥωμαίων,
1033 1100 1132 1147 ἀλλ’
1183 1103 1259 1147 ἐπὶ
1307 1104 1502 1162 διαφυγῇ
1544 1107 1621 1163 τῆς
1665 1103 1868 1148 Πιλάτου

196 1166 363 1226 ὕβρεως
403 1170 465 1222 εἷς
506 1170 583 1227 τὴν
620 1171 857 1228 Τιραθανὰ
897 1175 1251 1228 παραγενέσθαι.
1318 1173 1391 1215 καὶ
1437 1168 1693 1224 Οὐιτέλλιος
1732 1171 1869 1227 Μάρ-
1915 1217 1919 1223 ‚

195 1239 346 1281 κελλον
376 1241 463 1281 τῶν
497 1235 630 1282 αὐτοῦ
662 1241 806 1297 φίλων
837 1239 1073 1295 ἐκπέμψας
1111 1239 1378 1298 ἐπιμελητὴν
1416 1249 1511 1291 τοῖς
1536 1235 1768 1291 Ἰουδαίοις
1797 1256 1869 1296 γε·

195 1305 436 1363 νησόμενον
467 1307 667 1350 Πιλᾶτον
699 1306 920 1350 ἐκέλευσεν
952 1307 1026 1351 ἐπὶ
1054 1306 1219 1366 Ῥώμης
1250 1303 1435 1351 ἀπιέναι
1473 1306 1588 1364 πρὸς
1626 1307 1653 1351 ἃ
1683 1325 1869 1366 κατηγο-

197 1382 314 1429 ροῖεν
360 1373 403 1416 οἱ
447 1377 723 1430 Σαμαρεῖται
769 1374 1006 1426 διδάξοντα
1051 1375 1128 1419 τὸν
1175 1371 1490 1432 αυτοκράτορα.
1557 1377 1631 1420 καὶ
1668 1377 1871 1428 Πιλᾶτος

198 1439 300 1484 δέκα
347 1441 488 1485 ε’τεσιν
537 1442 781 1498 διατρίψας
831 1441 907 1486 επὶ
948 1439 1166 1495 3·Ιοιόαιάς
1213 1460 1276 1495 εις
1310 1441 1473 1501 Ῥώμην
1520 1439 1725 1501 ἠπείγετο
1770 1452 1871 1495 ταῖς

203 1506 459 1553 Ουιτελλίου
492 1510 768 1565 πειθόιιενος
797 1510 997 1562 ἐντολαῖς
1029 1529 1104 1554 ουκ
1146 1505 1196 1554 ὂν
1229 1507 1468 1555 ἀντειπεῖν.
1526 1514 1632 1567 πρὶν
1665 1507 1705 1554 6'
1742 1510 1786 1555 έν
1815 1513 1870 1568 τῇ

193 1575 331 1635 Ῥώιιη
365 1578 504 1632 ι’σχειν
537 1573 670 1621 αἰτὸν
701 1578 873 1636 φθάνει
910 1583 1116 1659 Τιβέριος
1144 1579 1382 1634 μεταστάς.

313 1650 350 1690 3.
419 1641 675 1697 Οἰιτέλλιος
706 1647 754 1690 δὲ
785 1647 849 1698 εἷς
878 1646 957 1706 τὴν
984 1647 1200 1692 Ιουὸαίαν
1223 1643 1494 1705 ἀφικόμενος
1525 1645 1557 1689 3
1548 1648 1602 1690 τὶ
1627 1644 1869 1704 Ἱεροσολύ-

196 1731 290 1768 μων
323 1732 401 1756 ms}
392 1731 459 1772 ει,
490 1716 563 1758 καὶ
598 1713 645 1771 ἦν
675 1714 757 1770 γὰρ
791 1711 942 1767 αὐτοῖς
972 1715 1099 1772 εορττ]
1133 1715 1343 1794 πάτριος,
1384 1714 1537 1768 πάσχα
1577 1715 1623 1758 δὲ
1653 1717 1868 1768 καλεῖται,

198 1782 374 1836 δεχθεὶς
409 1784 765 1839 μεγαλοπρεπῶς
812 1779 1070 1834 Ουιτέλλιος
1107 1782 1163 1826 τὰ
1201 1785 1303 1840 τέλη
1342 1785 1431 1825 τῶν
1469 1778 1729 1838 ὠνουμένων
1762 1799 1868 1838 καρ-

196 1851 296 1892 πιῦν
328 1845 502 1907 ἀνίησιν
543 1850 605 1901 εἷς
643 1850 692 1893 τὸ
734 1853 826 1894 πᾶν
864 1860 960 1902 τοῖς
996 1850 1132 1907 ταύτῃ
1172 1853 1452 1894 κατοικοῦσιν
1489 1852 1562 1894 καὶ
1594 1849 1671 1905 τὴν
1707 1849 1867 1909 στολὴν

196 1920 275 1961 τοῦ
317 1913 553 1973 ἀρχιερέως
592 1920 665 1962 καὶ
704 1917 780 1961 τὸν
820 1919 969 1961 πάντα
1012 1914 1144 1961 αὐτοῦ
1182 1918 1347 1972 κόσμον
1388 1918 1684 1975 συνεχώρησεν
1722 1917 1765 1962 ἕν
1804 1920 1869 1974 τῷ

199 1986 302 2042 ἱερῷ
332 1990 532 2045 κειμένην
562 1985 650 2031 ὑπὸ
682 1995 777 2037 τοῖς
809 1987 998 2042 ἱερεῦσιν
1029 1985 1140 2040 ἔχειν
1174 1985 1250 2043 τὴν
1282 1985 1560 2041 ἐπιμέλειαν,
1598 1984 1763 2028 καθότι
1792 1986 1868 2029 καὶ

310 2155 711 2192 AMWELatZonaras
735 2155 753 2190 Ι
777 2167 812 2200 p.
839 2157 904 2190 482
930 2155 1112 2190 Eusebius
1137 2155 1221 2190 hist.
1247 2154 1335 2190 eccl.
1362 2155 1379 2189 I
1405 2158 1437 2189 9.
1465 2158 1496 2189 2.

313 2217 329 2250 1
356 2216 443 2259 τῇδε
468 2209 603 2254 αὐτῶν]
629 2208 755 2248 αι’·τιῦν
778 2210 858 2248 ἐκεῖ
882 2212 913 2246 Ε
939 2207 1064 2248 αὐτῶν
1088 2211 1180 2247 coni.
1276 2214 1294 2246 3
1320 2213 1510 2257 τιραθαυᾶ
1536 2210 1574 2245 Μ
1600 2211 1796 2257 τιραθαβᾶ
1819 2208 1867 2242 W

197 2270 358 2306 tit-alima
381 2269 570 2311 (tiratlez'ua
596 2269 675 2304 cod.
702 2269 746 2309 A)
771 2267 843 2304 Lat
957 2268 1116 2314 λέγεται]
1142 2267 1326 2315 λεγομένῃ
1350 2267 1387 2301 Μ
1503 2263 1623 2304 *τοὺσ
1647 2265 1869 2312 συλλεγομέ-

198 2341 289 2364 νουσ
313 2329 346 2362 A
417 2330 434 2360 ἰ’
462 2326 499 2362 δὲ
525 2325 646 2360 MWE
730 2327 748 2359 S
774 2326 949 2372 ζωγρείιι,
974 2325 1010 2360 εί
1033 2325 1057 2359 i.
1080 2336 1151 2361 ras.
1176 2325 1209 2359 A
1280 2327 1297 2358 7
1325 2327 1507 2371 ᾳυγοῦσιν
1531 2323 1579 2358 W
1653 2326 1691 2358 10
1716 2323 1740 2360 i.
1757 2333 1867 2368 marg.

198 2382 258 2419 XI
276 2384 345 2419 Lat
436 2378 701 2423 καταστάντος
718 2401 759 2406 -
780 2381 1008 2426 Σαμαρέων]
1032 2382 1097 2416 sed
1113 2392 1161 2417 ex
1178 2381 1245 2416 hoc
1267 2381 1365 2415 muni
1391 2391 1639 2416 samareorum
1662 2383 1769 2427 qente:
1794 2384 1868 2415 tur·

197 2441 282 2475 bata
307 2440 378 2476 Lat
493 2441 572 2480 τοῦ]
597 2440 706 2474 τοῦδε
731 2440 799 2474 τοῦ
823 2437 910 2472 MW
936 2440 972 2472 et
996 2437 1079 2473 fort.
1105 2437 1177 2473 Lat
1293 2441 1331 2472 11
1360 2437 1546 2474 ἰουτέλιον
1570 2436 1602 2471 Ε
1727 2439 1766 2471 13
1790 2437 1868 2473 τῶν

198 2508 264 2533 om.
290 2496 414 2531 MWE
539 2498 578 2529 14
603 2497 794 2542 τιραθαυᾶ
819 2494 857 2528 Μ
882 2497 1078 2541 τιραθαβᾶ
1101 2494 1148 2527 W
1174 2493 1334 2529 tiraclma
1359 2492 1554 2534 (lz'ratlmra
1579 2492 1658 2529 cod.
1683 2493 1728 2535 A)
1752 2492 1823 2528 Lat

197 2555 478 2601 παραγίνεσθαι
504 2552 536 2587 Ε
661 2561 706 2586 ex
731 2552 748 2593 ξ
768 2554 810 2585 90
835 2550 1018 2586 Eusebius
1042 2551 1125 2586 hist.
1151 2551 1238 2586 eccl.
1379 2546 1564 2587 ου’·ϊτέλιον
1588 2549 1620 2584 Ε
1760 2545 1868 2595 Μάρ-

196 2614 344 2653 κελλον]
376 2607 592 2655 μάρκελλον
623 2622 706 2644 τινα
732 2608 763 2643 Ε
911 2611 951 2641 15
977 2604 1074 2643 *τὸν
1107 2603 1223 2644 αὐτοῦ
1254 2608 1369 2652 φίλον
1393 2607 1440 2640 W
1588 2609 1628 2641 16
1654 2605 1866 2650 *ΠιλᾶτονΙ

197 2669 221 2703 i.
247 2678 358 2712 marg.
386 2666 469 2701 XII
488 2666 561 2701 Lat
652 2663 822 2701 ἐκέλευεν
846 2664 878 2699 Ε
989 2659 1178 2703 *dathan
1205 2678 1221 2700 ε
1247 2675 1292 2699 ex
1318 2677 1337 2699 v
1362 2674 1453 2700 corr.
1477 2664 1510 2697 A
1535 2657 1685 2700 α’πεῖναι
1712 2661 1799 2697 MW

203 2729 239 2758 17
268 2724 302 2759 οἱ
331 2725 581 2769 Σαμαρεῖται]
607 2721 764 2758 loz-dcam
792 2720 992 2756 MWELat
1136 2717 1345 2764 διδάξοντα]
1371 2718 1568 2763 διδάξαντα
1594 2719 1639 2753 W
1665 2716 1866 2764 δικάζοντα

197 2780 229 2816 Ε
327 2783 366 2815 18
391 2778 595 2826 *ἐπείγετο
621 2778 668 2813 W
765 2781 804 2814 18
831 2773 895 2813 *δ’
921 2775 974 2819 ἐν]
1000 2777 1039 2814 δὲ
1063 2774 1086 2824 ἢ
1109 2778 1165 2813 ed.
1187 2788 1242 2825 pr.
1336 2774 1504 2823 *ῥώιῑιιηι
1531 2777 1564 2811 Α
1668 2778 1710 2810 20
1736 2775 1867 2822 ἴσχειν]

198 2843 382 2883 προσχεῖν
406 2836 528 2871 MWE
552 2836 691 2871 ueniret
714 2835 786 2870 Lat
878 2831 1044 2871 *ἑαυτὸν
1067 2834 1104 2868 Μ
1199 2836 1237 2869 21
1265 2833 1290 2868 i.
1314 2843 1425 2877 marg.
1450 2829 1556 2867 XIII
1577 2831 1649 2867 Lat
1751 2827 1868 2869 οὗϊτέ-

198 2896 282 2929 14οσ
307 2892 338 2927 Ε
432 2895 474 2926 22
500 2890 601 2939 *γὰρ
627 2903 694 2928 om.
720 2892 808 2927 MW
909 2888 1070 2938 πάτριος
1095 2902 1163 2927 om.
1190 2889 1311 2925 MWE
1404 2891 1445 2924 23
1471 2890 1629 2935 δεχθεὶς]
1654 2890 1805 2934 del-‘hle
1828 2887 1868 2926 δὲ

197 2949 321 2984 MWE
414 2951 455 2983 24
482 2947 648 2995 *ταύτην
673 2949 758 2984 MW
863 2951 905 2983 25
931 2947 1001 2984 *ἐν
1026 2950 1079 2983 τῶ
1103 2948 1126 2983 i.
1150 2957 1220 2982 ras.
1246 2946 1283 2981 M
1386 2948 1428 2980 2ss
1452 2947 1631 2989 κείμενον
1655 2944 1777 2980 MWE
