2054 3397
220 211 252 245 X
822 207 1034 241 Addendum
1060 206 1106 240 ad
1130 205 1210 239 Vol.
1237 204 1279 239 V.

216 325 338 379 tinus,
371 329 412 366 et
441 324 596 366 uirtute
627 328 669 366 et
699 326 837 365 aetate
868 319 1052 362 medium
1082 319 1189 361 iuter
1217 319 1544 361 Laurentianum
1576 321 1618 359 et
1650 315 1878 358 Eusebium

215 393 353 434 locum
384 392 557 434 obtinet.
609 391 687 432 hoc
709 402 874 443 quoque
896 388 1095 430 discimus
1117 386 1286 429 saeculo
1308 399 1347 440 p.
1371 386 1465 428 Chr.
1490 384 1655 426 decimo
1687 383 1879 426 extitisse

215 459 402 503 codicem
423 459 477 501 ab
500 458 769 500 Laurentiaui
789 455 1150 508 interpolamentis
1171 454 1370 506 liberum3
1405 453 1510 496 haec
1531 453 1656 504 igitur
1677 465 1761 494 non
1793 455 1880 493 tam

214 527 443 580 antiquitus
464 527 631 579 tradita,
664 538 789 578 quam
810 523 953 578 paullo
975 527 1071 564 ante
1093 521 1251 564 codicis
1274 521 1546 563 Laurentiani
1572 525 1760 562 aetatem
1781 532 1880 561 con-

217 597 327 638 fecta
349 607 441 637 esse
463 594 715 649 putabimus,
768 592 894 634 etiam
916 590 971 631 ad
994 589 1166 631 Eusebii
1189 588 1375 631 codicem
1395 588 1434 642 J,
1468 588 1520 630 de
1546 601 1628 640 quo
1651 587 1692 629 in
1716 587 1878 640 praefa-

215 664 327 705 tione
358 676 398 716 p.
430 662 600 714 XVIsq.
633 659 863 714 disputaui‚
901 662 1011 699 recte
1048 655 1358 698 aestimandum
1397 655 1559 708 aliquid
1597 655 1748 697 saltem
1779 654 1881 696 facit

217 731 350 773 codex
372 730 673 772 Peirescianus.
715 726 910 779 quoniam
934 725 1041 766 enim
1060 724 1085 775 ξ
1108 727 1179 764 171
1203 723 1261 777 (p.
1280 725 1346 777 77,
1369 723 1437 778 13)
1458 737 1551 765 cum
1573 722 1745 765 Eusebii
1768 722 1879 765 codi-

217 799 334 841 cibus
357 797 597 840 melioribus
630 796 759 837 habet
789 790 809 835 ὁ
837 792 895 835 δὲ.
928 806 1010 834 non
1042 790 1155 845 quod
1186 791 1492 833 Laurentianus
1523 795 1564 833 et
1586 791 1758 833 Eusebii
1787 789 1879 832 cod.

218 867 242 908 J
275 867 478 920 praebent
511 863 655 916 ἕτερος
687 862 756 917 δὲ,
789 865 965 916 apparet
996 858 1231 902 confirmari
1274 857 1386 910 quod
1425 858 1514 899 dixi
1552 857 1740 901 codicem
1769 858 1796 900 J
1827 871 1881 900 ex

219 933 499 975 Laurentiano
532 945 608 973 sua
646 930 726 973 sibi
765 929 967 971 asciuisse
997 941 1074 969 nec
1105 925 1327 981 probabile
1358 938 1451 967 esse
1483 938 1536 966 ex
1568 926 1709 967 Latini
1739 940 1878 969 exem-

217 1002 324 1055 plari
356 1001 496 1042 alioue
530 999 756 1042 uetustiore
789 997 895 1039 libro
928 1009 977 1038 ea
1009 995 1200 1037 deriuata
1231 1006 1337 1036 esse.

330 1068 522 1120 Denique
555 1068 641 1109 alia
671 1070 777 1118 sunt,
810 1078 918 1117 quae
948 1065 989 1105 in
1022 1063 1124 1105 solis
1147 1061 1358 1115 excerptis
1379 1059 1610 1102 tradantur.
1642 1059 1752 1102 inter
1772 1074 1882 1113 quae

218 1137 399 1178 maxime
432 1135 730 1177 memorabiles
762 1139 857 1175 sunt
888 1132 969 1175 loci
992 1131 1086 1183 duo,
1119 1130 1278 1185 primus
1299 1142 1337 1184 p.
1361 1131 1429 1181 74,
1455 1132 1517 1181 17,
1549 1128 1621 1170 ubi
1643 1126 1879 1182 πολύψαμ-

219 1221 300 1258 μον
322 1208 347 1252 1)
379 1203 489 1257 quod
522 1203 563 1244 in
595 1202 804 1255 excerptis
836 1206 912 1253 est,
945 1199 1138 1252 quamuis
1169 1198 1304 1253 poetis
1334 1196 1469 1251 magis
1500 1201 1645 1252 aptum
1673 1196 1879 1250 uideatur,

221 1277 358 1314 tamen
393 1271 520 1312 habet
552 1284 632 1323 quo
665 1268 991 1312 commendetur.
1055 1266 1209 1309 deinde
1239 1280 1279 1321 p.
1303 1268 1370 1318 77,
1403 1266 1451 1304 21
1489 1261 1722 1318 ἐμμέλὲιαν
1752 1263 1879 1306 ualde

219 1339 374 1381 arridet
414 1339 633 1391 magisque
673 1338 815 1391 placet
854 1348 979 1388 quam
1023 1333 1300 1387 ἐπιμέλειαν,
1348 1331 1462 1385 quod
1508 1336 1550 1375 et
1589 1331 1796 1375 Eusebius
1841 1336 1883 1373 et

219 1407 524 1448 Laurentianus
555 1404 694 1446 tradit.
757 1403 869 1456 quod
901 1404 935 1446 si
967 1404 1053 1445 fors
1084 1403 1261 1454 tulisset,
1294 1404 1339 1443 ut
1370 1401 1526 1455 codex,
1564 1400 1681 1442 cuius
1711 1412 1810 1454 pars
1839 1398 1882 1441 in

219 1474 496 1517 Peirescianis
519 1477 686 1515 seruata
708 1477 780 1524 est,
803 1475 915 1514 totus
936 1475 1150 1526 superstes
1174 1473 1297 1524 esset,
1318 1483 1401 1512 non
1423 1467 1570 1512 dubito
1592 1468 1692 1521 quin
1713 1466 1882 1522 Iosephi

220 1543 297 1584 hos
329 1542 457 1583 libros
488 1541 629 1583 multis
661 1540 764 1582 locis
797 1540 1105 1583 emendatiores
1137 1538 1320 1580 habituri
1353 1537 1566 1580 fuerimus.

334 1657 364 1695 1)
391 1650 671 1698 :toili'wpccgquov
696 1651 732 1685 in
758 1652 837 1686 cod.
865 1654 930 1686 est.

224 1769 387 1810 Dabam
414 1767 627 1820 Marburgi
646 1767 889 1809 Chattorum
913 1779 949 1807 a.
969 1766 1007 1807 d.
1025 1766 1164 1806 xvffl
1185 1764 1234 1806 K.
1255 1764 1330 1805 Iul.
1352 1764 1449 1805 anni
1473 1762 1882 1805 MDCCCLXXXX.

1284 1955 1574 1999 Benedictus
1607 1953 1767 1996 Niese.
