2074 3392
137 548 216 588 156

137 1021 215 1061 158

137 1226 214 1266 159

136 1497 214 1537 160

134 1634 208 1674 161

249 224 332 263 348
759 227 953 263 IOSEPHI
975 227 1096 263 VITA
1122 231 1297 265 155-161
1323 231 1393 271 (32)

363 343 430 383 32.
497 339 552 382 Οἱ
585 339 631 382 δὲ
661 339 738 396 τὴν
767 342 855 382 τῶν
890 343 1130 395 Τιβεριέων
1159 341 1293 384 πόλιν
1327 343 1630 392 κατοικοῦντες
1666 342 1914 398 γράφουσιν

249 407 364 460 πρὸς
395 406 470 449 τὸν
498 409 686 461 βασιλέα
717 409 1076 462 παρακαλοῦντες
1106 400 1289 462 πέμψαι
1320 408 1504 464 δύναμιν
1533 408 1610 466 τὴν
1633 409 1915 466 φυλάξουσαν

249 470 394 517 αὐτῶν
430 473 509 531 τὴν
545 475 712 531 χώραν·
752 476 904 519 θέλειν
942 473 1025 531 γὰρ
1057 470 1175 531 αὐτῷ
1205 479 1559 531 προστίθεσθαι.
1618 472 1803 534 κᾶκείνῳ
1833 479 1913 533 μὲν

247 537 372 584 ταῦτ>
414 542 621 601 ἔγραφον.
689 539 960 601 ἀφικόμενον
999 543 1046 585 δέ
1083 559 1140 597 με
1177 541 1292 598 πρὸς
1333 539 1492 595 αὐτοὺς
1537 541 1814 599 παρεκάλουν
1859 545 1914 589 τὰ

248 614 366 668 τείχη
399 611 736 663 κατασκευάζειν
768 607 931 664 αὐτοῖς,
963 607 1024 661 (ὃς
1053 607 1330 668 ὑπεσχήμην·
1360 606 1620 669 ἠκηκόεισαν
1653 612 1699 655 δὲ
1719 611 1800 663 τὰς
1825 618 1915 656 Τα-

248 682 395 734 ριχέας
425 676 506 737 ἤδη
538 682 829 732 τετειχίσθαι.
887 677 1158 728 κατανεύσας
1199 669 1275 720 οὖν
1315 677 1396 734 ἐγώ
1427 682 1500 723 καὶ
1532 680 1681 723 πάντα
1714 679 1770 723 τὰ
1801 678 1917 735 πρὸς

246 746 326 803 τὴν
357 746 615 800 οἰκοδομέειν
646 745 1098 801 παρασκευασάμενος
1127 744 1231 796 τοὺς
1253 740 1560 801 ἀρχιτέκτονας
1581 746 1777 791 ἐκέλευον
1798 746 1916 804 ἐνερ-

247 824 351 871 γεῖν.
411 813 524 870 μετὰ
565 814 612 856 δὲ
649 818 800 870 τρίτην
838 810 1004 871 ἡμέραν
1043 812 1106 863 εἷς
1142 816 1358 866 Ταριχέας
1389 812 1689 870 ἀπερχομένου
1724 832 1808 869 μου
1837 817 1916 873 τῆς

254 882 515 939 Τιβεριάδος
555 878 807 935 ἀπεχούσας
847 881 1008 924 στάδια
1046 880 1303 935 τριάκοντα,
1341 885 1497 939 συνέβη
1537 881 1661 934 τινὰς
1691 881 1915 938 Ῥωμαίων

249 952 405 1001 ἱππεῖς
437 946 486 993 οὗ
518 949 762 1005 πόρρωθεν
790 951 868 1005 τῆς
899 948 1075 999 πόλεως
1096 945 1446 1004 ὁδοιποροῦντας
1467 945 1682 1008 ὀφθῆναι,
1718 953 1761 994 οἳ
1783 950 1916 1002 δόξαν
1972 966 1973 971 ’

248 1022 470 1073 παρέσχον
500 1016 579 1076 τὴν
610 1017 735 1073 παρὰ
766 1020 846 1060 τοῦ
874 1019 1095 1072 βασιλέως
1126 1016 1311 1071 δύναμιν
1341 1012 1474 1073 Ιἥκειν.
1536 1013 1705 1070 εὐθέως
1728 1021 1831 1075 γοῦν
1853 1018 1917 1070 εἷς

247 1086 327 1140 μὲν
357 1085 434 1129 τὸν
463 1086 653 1141 βασιλέα
682 1084 793 1140 μετὰ
826 1087 1006 1128 πολλῶν
1039 1085 1234 1128 ἐπαίνων
1256 1080 1447 1142 ἠφίεσαν
1479 1084 1644 1142 φωνάς,
1674 1082 1772 1129 κατ’
1809 1086 1917 1142 ἐμοῦ

247 1155 293 1198 δὲ
322 1154 628 1211 βλασφήμους.
686 1155 761 1196 καὶ
801 1152 1060 1210 ἐπιδραμών
1098 1169 1167 1203 τις
1203 1148 1467 1210 ἀπήγγειλέν
1497 1169 1576 1207 μοι
1605 1152 1683 1210 τὴν
1714 1153 1916 1198 διάνοιαν

249 1219 404 1275 αι’-τῶν,
428 1220 488 1273 ῶς
511 1218 799 1279 ἀφίστασθαί
819 1237 904 1276 μου
929 1220 1228 1276 διεγνώκασιν.
1280 1218 1362 1276 ἐγώ
1386 1216 1426 1262 δ’
1455 1216 1644 1272 ἆκούσας
1666 1220 1917 1279 ἐταράχθην

237 1291 317 1345 μὲν
357 1289 557 1348 σφόδρα·
595 1289 698 1341 τοὺς
735 1289 818 1346 γὰρ
857 1286 1047 1339 ὁπλίτας
1088 1288 1237 1342 ἐ’τυχον
1277 1287 1321 1330 ἐκ
1351 1290 1439 1331 τῶν
1475 1291 1698 1343 Ταριχεῶν
1729 1288 1806 1333 ἐπὶ
1835 1288 1916 1341 τὰς
1969 1305 1981 1313 ⁴

233 1356 390 1406 vaimuh)
432 1358 625 1417 οἰκήσεις
671 1353 863 1415 ἀφεικὼς
905 1355 979 1400 διὰ
1020 1356 1068 1399 τὸ
1111 1355 1189 1414 τὴν
1230 1355 1446 1400 ἐπιοῦσαν
1485 1354 1650 1413 ἡμέραν
1691 1356 1916 1412 σάββατον

244 1424 480 1482 ἑπάρχειν·
522 1422 571 1470 οὗ
611 1425 693 1482 γὰρ
726 1425 970 1482 ἐβουλόμην
1000 1421 1089 1467 ὕπὸ
1122 1427 1201 1467 τοῦ
1232 1427 1551 1480 στρατιωτικοῦ
1583 1424 1790 1483 πλήθους
1820 1423 1916 1468 ἓνο-

243 1496 456 1548 χλεῖσθαι
485 1493 588 1544 τοὶ-ς
618 1493 662 1537 ἐν
682 1503 782 1544 ταῖς
807 1496 1054 1547 Ταριχέαις.
1115 1489 1271 1542 ὁσάκις
1298 1494 1402 1548 γοῦν
1433 1491 1478 1535 ἐν
1509 1488 1664 1543 αὐταῖς
1695 1492 1916 1548 διέτριβον

245 1558 345 1606 οὗδὲ
376 1565 454 1620 τῆς
484 1563 589 1618 περὶ
620 1561 668 1606 τὸ
695 1563 823 1616 σῶμα
845 1563 1042 1618 φυλακῆς
1064 1560 1309 1617 ἐποιούμην
1334 1559 1565 1616 πρόνοιαν,
1598 1569 1758 1616 πεῖραν
1789 1558 1914 1616 παρὰ

243 1633 331 1673 τῶν
371 1630 655 1674 ἐνοικούντων
693 1632 770 1686 τῆς
808 1629 924 1685 πρός
961 1645 1017 1684 με
1055 1632 1252 1679 πίστεως
1288 1627 1435 1683 λαβὼν
1466 1628 1693 1678 πολλάκις.
1752 1627 1915 1682 μόνους
1950 1643 1971 1665 ’.τ

245 1694 286 1740 δ’
324 1698 432 1752 ἔχων
463 1701 567 1754 περὶ
600 1697 788 1753 ἐμαυτὸν
820 1697 935 1741 ἑπτὰ
965 1699 1053 1740 τῶν
1084 1693 1283 1740 ὁπλιτῶν
1303 1698 1374 1739 καὶ
1399 1695 1502 1747 τοὺς
1523 1697 1680 1754 φίλους
1700 1691 1911 1753 ἠπόρουν,

244 1766 266 1810 ὃ
299 1764 478 1822 πράξω·
517 1770 912 1822 μεταπέμψασθαι
949 1764 1032 1821 γὰρ
1070 1763 1148 1823 τὴν
1190 1763 1296 1822 ἐμὴν
1335 1763 1520 1819 δύναμιν
1558 1763 1632 1806 διὰ
1673 1762 1722 1807 τὸ
1767 1763 1912 1822 λήγειν

244 1833 323 1893 ἤδη
357 1835 434 1892 τὴν
466 1835 712 1878 ἐνεστῶσαν
753 1832 919 1892 ἡμέραν
960 1828 1036 1876 οὐκ
1067 1831 1349 1887 ἐδοκίμαζον·
1391 1827 1491 1875 οὗδὲ
1520 1831 1601 1888 γὰρ
1641 1827 1913 1890 ἀφικομένης

246 1900 380 1960 αἰτῇς
412 1903 474 1954 εἷς
504 1902 582 1959 τὴν
615 1902 830 1946 ἐπιοῦσαν
863 1901 983 1944 ὅπλα
1015 1902 1165 1955 λαβεῖν
1195 1899 1452 1943 κωλυόντων
1486 1897 1598 1957 ἡμᾶς
1629 1902 1716 1942 τῶν
1751 1899 1910 1954 νόμων,

360 2051 379 2093 §
408 2053 468 2084 155
498 2067 534 2078 z
563 2047 645 2083 bell.
671 2047 747 2083 Iud.
773 2047 807 2082 11
833 2050 910 2082 632.

356 2185 542 2221 PRAMW

359 2248 371 2278 1
404 2246 478 2280 τῶν
503 2253 569 2278 om.
598 2241 682 2276 ΜΨ
758 2243 972 2288 ῑιβεριαιων
996 2239 1024 2274 Ρ
1096 2241 1115 2273 2
1141 2235 1360 2284 φυλάξασαν
1385 2235 1418 2271 R
1500 2239 1518 2269 3
1545 2231 1660 2285 αὐτῷ]
1687 2250 1813 2274 ιιι-των
1836 2236 1865 2271 Ρ

243 2304 262 2335 4
290 2295 413 2340 ταῦτ’]
440 2302 554 2336 τοῦτο
581 2297 667 2332 MW
775 2309 990 2344 εγεγραφον
1014 2295 1042 2330 Ρ
1148 2291 1246 2341 πρὸς
1270 2314 1311 2318 —-
1339 2297 1358 2328 5
1385 2293 1488 2339 τείχη
1514 2303 1581 2328 om.
1606 2292 1635 2327 P
1734 2291 1780 2331 τὰ
1806 2294 1910 2340 τείχη

242 2369 270 2392 s.
297 2356 336 2390 M
430 2360 447 2390 5
476 2352 693 2401 ὖπεσχόμην
716 2353 839 2388 RMW
933 2364 1146 2399 ηκηκοησαν
1170 2351 1198 2385 Ρ
1292 2349 1341 2392 δὲ]
1368 2345 1442 2396 γὰρ
1467 2349 1505 2383 Μ
1591 2352 1794 2397 ταριχαιάσ
1817 2349 1850 2385 R
1874 2352 1912 2386 et

243 2424 287 2448 ex
313 2424 404 2448 corr.
432 2414 465 2447 A
557 2416 576 2445 6
602 2414 811 2457 τετιχισθιιι
835 2409 864 2444 P
958 2405 1004 2445 τὰ
1031 2419 1100 2444 om.
1125 2407 1189 2442 PR
1283 2410 1299 2440 ἵ
1327 2403 1394 2451 τὴν
1419 2416 1484 2441 om.
1503 2405 1590 2440 ΜΨ
1661 2409 1680 2441 8
1706 2407 1911 2454 ταριχαίασ

241 2469 274 2505 R
299 2474 336 2505 et
360 2481 404 2505 ex
428 2479 521 2505 corr.
547 2471 580 2503 A
698 2480 773 2512 μου
797 2477 865 2501 om.
892 2465 977 2499 ΜΨ
1002 2465 1086 2500 fort.
1112 2467 1211 2499 recte
1323 2468 1342 2497 9
1369 2475 1614 2508 απεσχουσασ
1638 2463 1667 2498 Ρ
1692 2458 1910 2511 α’πεχούσησ

242 2526 327 2560 MW
423 2526 603 2562 σταδιόυσ
626 2524 659 2559 R
774 2522 974 2569 ῥωμαίουσ
997 2521 1082 2555 ΜΨ
1204 2523 1242 2555 10
1269 2522 1572 2565 οδοπορουντασ,
1598 2521 1664 2555 odo
1690 2519 1713 2555 i.
1737 2530 1810 2555 ras.
1834 2519 1864 2554 P

246 2587 278 2618 11
309 2595 512 2628 παρασχον
535 2581 563 2616 Ρ
657 2576 760 2626 παρὰ
787 2590 856 2614 om.
880 2579 908 2614 P
1006 2581 1045 2612 12
1070 2577 1239 2614 ἐπαίνων
1264 2587 1331 2612 om.
1350 2575 1383 2610 R
1475 2572 1616 2622 φωνὰς]
1642 2572 1777 2621 φωνὰσ
1800 2571 1909 2623 εὖφὴ·

239 2653 337 2684 μουσ
363 2638 407 2683 R,
433 2638 479 2674 cf.
506 2641 524 2681 ξ
556 2641 617 2671 1⁴50
743 2639 781 2670 13
806 2637 869 2671 καὶ
895 2631 1108 2681 εἷο-δραμὼν
1133 2630 1334 2679 ἀπήγγειλέ
1357 2646 1422 2678 μοι
1448 2645 1507 2668 τισ
1532 2629 1599 2679 τὴν
1623 2631 1711 2667 ΜΨ
1805 2635 1846 2668 14
1869 2630 1909 2670 δὲ

242 2720 328 2755 MW
427 2714 620 2764 ἐταράχθη
645 2716 678 2751 R
702 2695 899 2763 ἐταράχθή
922 2716 955 2749 Α
1071 2717 1111 2749 15
1137 2714 1347 2760 ταριχαίων
1370 2712 1403 2747 R
1428 2713 1644 2758 ταριχαιῶν,
1670 2725 1706 2747 αι
1732 2711 1755 2746 i.
1780 2721 1850 2748 ras-
1873 2712 1908 2748 A

244 2776 427 2822 τιςριχιῗων
453 2775 500 2809 W
608 2775 648 2807 16
674 2785 824 2818 αφικωσ
849 2771 875 2806 Ρ
902 2767 1062 2818 α’φηκώσ
1086 2770 1133 2805 W
1245 2773 1283 2805 17
1309 2767 1528 2815 ἐνοχλισθαι
1553 2767 1580 2802 P
1691 2769 1730 2802 18
1757 2764 1843 2809 τοὺς
1865 2764 1908 2805 ἕν

244 2839 323 2874 ταῖς
347 2838 442 2874 (ταῖς
468 2842 534 2866 om.
561 2829 620 2872 W)
651 2830 850 2876 Ταριχέαις
873 2829 1104 2875 (ταριχαίαισ
1131 2827 1179 2868 Μ)
1204 2837 1239 2861 u.
1272 2829 1307 2860 17
1335 2829 1418 2871 post
1441 2821 1655 2872 ἐβουλόμην
1677 2825 1723 2858 tr.
1749 2822 1837 2857 MW

242 2890 458 2935 τιιριχαίαισ
483 2887 554 2922 RM
580 2890 617 2922 et
640 2897 685 2921 ex
710 2896 801 2921 corr.
827 2886 860 2919 A
937 2896 1094 2921 οσακεισ
1118 2883 1147 2918 Ρ
1241 2876 1309 2919 οὖν
1333 2882 1419 2916 ΜΨ
1489 2877 1630 2921 αὐταῖς]
1655 2873 1749 2924 αὐτῆ
1773 2878 1860 2913 ΜΨ

244 2948 283 2980 19
309 2941 426 2988 παρὰ]
452 2946 537 2989 περὶ
561 2943 625 2978 ΡΑ
718 2946 758 2978 21
786 2942 823 2979 δὲ
851 2941 936 2975 MW
1007 2944 1049 2976 22
1074 2939 1389 2985 μεταπέμπεσθαι
1415 2937 1510 2973 PRA
1587 2949 1660 2982 γαρ
1684 2934 1707 2970 i.
1734 2945 1804 2970 ras.
1830 2934 1859 2970 P

240 3005 403 3046 ὁυναμην
428 3000 455 3034 Ρ
549 3003 590 3034 23
618 3001 864 3043 εόοκειμαζον
888 2998 916 3032 Ρ
