2051 3397
548 204 708 249 ANTIQ.
734 203 830 240 lUD.
854 203 939 239 XIX
965 208 1122 239 ’.ιι-που
1147 208 1180 245 (1.
1201 211 1247 238 13.
1270 210 1319 246 ιι)
1687 207 1763 245 227

107 323 184 368 τὸν
214 322 530 376 σταυρωθέντα
561 317 835 371 ἐκκεχυμένον
865 320 935 361 καὶ
968 320 1055 361 τῶν
1087 321 1189 374 περὶ
1228 318 1304 361 τὸν
1336 319 1542 400 Κῖινίραν
1606 317 1767 398 ὁμολρ-
1799 324 1851 363 95

106 399 246 449 γεῑται
285 387 332 430 δὲ·
369 388 440 429 καὶ
479 384 556 441 τὴν
597 382 759 441 ἡμέραν
798 385 963 443 ἐκείνην
1000 389 1232 441 γενέσθαι,
1273 386 1318 429 ἐν
1355 383 1381 443 ἦ
1417 388 1650 429 Φίλιωιιον
1691 387 1767 430 τὸν

105 455 318 513 Ἀμύντου
349 448 624 496 ΙΙΊακεὸόνων
652 454 840 506 βασιλέα
879 458 1034 496 κτείνει
1069 458 1331 503 Παυσανίας
1371 453 1433 504 εἷς
1462 457 1549 496 τιῦι
1580 454 1767 511 ἑταίρων

110 525 173 577 εἷς
201 522 249 567 τὸ
280 524 474 576 θέατρον
497 519 706 563 εἰσιόντα.
770 523 905 564 Ιαίόι·
929 518 969 563 δ’
998 520 1310 572 ἐνδοιάζοντος,
1344 521 1462 564 εἴτε
1454 527 1766 577 ιαραιιείνειεν
1797 526 1851 565 96

60 602 81 636 ⁸
109 593 172 645 εἰς
199 591 320 641 τέλος
349 591 401 645 τῇ
434 591 607 644 θεωρίᾳ
639 587 713 631 διὰ
744 587 793 631 τὸ
827 590 1083 631 τελευταίαν
1115 586 1228 631 εἶναι
1257 587 1336 644 τὴν
1369 585 1532 645 ἡμέραν
1557 591 1645 632 εἴτε·
1667 592 1767 633 λοι·-

108 662 196 717 τρῷ
223 656 492 715 χρησάμενος
521 656 592 697 καὶ
625 659 734 710 σίτῳ
767 653 862 698 εἶτα
894 656 1071 699 ἐπανίοι
1101 655 1223 698 καθὰ
1251 658 1323 699 καὶ
1346 656 1388 699 οἱ
1411 657 1639 712 πρότερον,
1676 662 1767 700 ,Ἧι-

110 724 332 776 νουκιανὸς
362 720 473 778 ὓπερ
504 724 580 765 τοῦ
614 724 750 766 Γαΐου
783 723 1080 778 καθεζόμενος
1109 725 1182 766 καὶ
1224 723 1400 776 δεδιώς,
1441 723 1498 781 μὴ
1533 725 1763 781 διαλυθειίι

108 794 163 839 τὰ
200 796 284 838 τῶν
321 793 485 847 καιρῶν
524 790 587 841 εἰς
623 790 768 845 κενόν,
815 790 1057 842 ἐξαναστὰς
1102 790 1253 848 ἐπειδὴ
1303 796 1375 835 καί
1415 796 1614 846 Χαιρέαν
1651 792 1767 848 ἑώρα

108 858 505 919 προεξεληλυθότα,
540 877 573 916 1
563 863 740 915 τείγετο
761 858 1003 914 θαρσύνειν
1027 854 1158 902 αἰτὸν
1181 860 1435 916 προελθών.
1497 860 1767 915 λαμβάνεται
1798 865 1850 904 97

41 937 79 972 1⁰
106 924 150 973 δ’
183 923 316 972 αὐτοῦ
345 929 422 984 τῆς
453 927 611 983 στολῆς
636 925 768 978 Ιάιος
797 925 908 969 κατὰ
941 928 1274 985 φιλοφροσύνην
1296 929 1434 984 δῆθεν
1455 933 1528 971 καί
1558 938 1668 980 ,,ποῖ
1700 929 1765 984 δή,

106 1000 254 1056 φησίν,
285 1014 319 1038 ω
350 995 588 1049 μακάριε;“
618 995 690 1037 καὶ
722 991 744 1037 ὁ
776 994 856 1048 μὲν
888 994 1009 1037 αιδοῑ
1040 995 1182 1039 δοκεῖν
1217 998 1294 1038 τοῦ
1316 1000 1546 1052 Καίσαρος
1576 996 1764 1048 καθίζει,

104 1067 318 1120 κρείσσων
349 1059 389 1105 δ’
425 1060 447 1105 0‘
483 1062 623 1119 φόβος
656 1060 704 1119 ἦν
736 1057 884 1118 ὀλίγον
904 1078 952 1105 τε
974 1062 1196 1106 διαλιπών
1222 1061 1317 1107 εἶτα
1340 1064 1634 1108 διανίσταται.
1694 1066 1766 1107 καὶ
1799 1067 1850 1108 98

104 1129 128 1175 ὅ
161 1131 296 1182 Γάιος
327 1126 452 1174 οὐδὲν
483 1129 691 1184 εμποδιὺν
720 1120 821 1187 ἧνε
827 1129 964 1181 ξιόντι
997 1131 1135 1174 δοκιῦν
1166 1130 1244 1174 επί
1279 1150 1367 1175 τινι
1403 1133 1491 1174 τῶν
1522 1129 1768 1188 ἀναγκαίων

105 1203 345 1243 ποιεῖσθαι
375 1197 425 1255 vr]
434 1217 452 1242 ν
484 1198 646 1249 ε’ξοδον.
702 1193 964 1255 Αμβρώνας
996 1199 1042 1242 δὲ
1072 1201 1145 1242 καὶ
1179 1195 1309 1250 αὐτὸς
1340 1216 1527 1256 παρῃνει
1559 1217 1619 1256 τῳ
1645 1203 1767 1243 Γαίιι

39 1273 76 1308 15
104 1266 220 1310 καθὸ
255 1266 472 1322 πρότερον
505 1263 796 1317 ὑπεξελθόντι
828 1267 942 1323 πρός
971 1284 1019 1310 τε
1050 1267 1219 1323 λουτρῷ
1249 1269 1322 1310 καὶ
1354 1263 1522 1324 ἀρίστῳ
1557 1271 1768 1324 γενέσθαι

106 1336 178 1378 καὶ
209 1334 365 1378 ἔπειτα
397 1334 443 1376 δὲ
475 1333 707 1385 εἰσελθεῖν,
737 1333 904 1391 χρῄζων
935 1334 1011 1378 ἐπὶ
1042 1338 1183 1390 πέρας
1215 1330 1408 1392 ἀχθῆναι
1428 1335 1483 1378 τα
1505 1334 1766 1391 ἐγνωσμένα.

224 1407 286 1445 14.
347 1404 436 1445 Καὶ
468 1402 509 1444 οἱ
542 1403 643 1457 περὶ
675 1401 751 1444 τὸν
773 1405 973 1456 Χαιρέαν
1005 1402 1191 1445 ἔτασσον
1221 1403 1300 1457 μὲν
1331 1399 1546 1461 ἀλλήλους
1566 1399 1593 1460 ᾗ
1615 1403 1767 1459 καιρός
1798 1407 1851 1447 99

106 1486 154 1513 τε
183 1471 255 1513 καὶ
294 1469 420 1527 ἐχρῆν
459 1469 639 1512 ἕκαστον
680 1469 844 1512 στάντα
874 1474 899 1526 1)-
933 1474 1238 1527 προσταχθείη
1271 1470 1329 1527 μὴ
1363 1466 1767 1525 ἀπολιμπάνεσθαι

109 1537 437 1588 ἐπιπονοῦντες.
497 1533 687 1593 ἤχθοντο
727 1537 774 1580 δὲ
811 1554 861 1593 τι]
905 1538 1109 1594 διατριβῇ
1148 1539 1220 1581 καὶ
1260 1541 1323 1594 τῶ
1361 1539 1607 1593 μέλλεσθαι
1637 1538 1693 1582 τὰ
1724 1538 1767 1582 ἐν

40 1612 78 1647 2ο
102 1609 264 1661 χερσίν,
304 1605 401 1648 επεὶ
440 1607 514 1648 καὶ
552 1606 657 1659 περὶ
697 1604 851 1662 ἐνάτην
890 1600 1008 1660 ὧραι
1047 1602 1124 1663 ι’]δτ
1164 1623 1219 1647 τα
1259 1609 1336 1664 τῆς
1375 1603 1541 1663 ἡμέρας
1573 1605 1634 1664 ἠν.
1693 1608 1766 1650 καὶ
1801 1610 1879 1650 100

107 1676 306 1726 Χαιρέας
334 1672 629 1728 βραδύιοντος
659 1674 796 1716 Γαίου
827 1673 1064 1728 πρόθιμος
1093 1671 1144 1728 ἦν
1177 1672 1458 1717 ἐπεισελθεῖν
1489 1673 1533 1717 ἐν
1557 1677 1610 1731 τῆ
1630 1678 1767 1717 καθέ-

218 1839 374 1875 AMWE
383 1841 454 1876 Lat

224 1900 237 1931 1
266 1896 549 1943 σταυρωθέντα]
574 1896 726 1931 indicem
751 1896 966 1940 crucifixum
991 1897 1060 1932 Lat
1174 1899 1262 1938 τῶν]
1288 1893 1357 1932 τὸν
1380 1896 1469 1932 ΜΨ
1589 1896 1770 1946 κιννύραν

107 1953 147 1988 Μ
261 1956 280 1987 3
305 1955 449 1990 *κτίνει
474 1953 522 1988 W
636 1956 657 1987 4
682 1953 750 1990 *δὲ
775 1952 862 1987 ΜΨ
983 1952 1267 2000 *παραμένοιεν
1290 1953 1330 1987 Μ
1354 1953 1607 2000 παραμένειεν
1630 1956 1678 1991 W

108 2012 128 2043 6
153 2008 190 2046 οὶ
213 2007 418 2057 πρότερον]
441 2010 546 2055 prius
568 2009 641 2044 Lat
664 2006 859 2056 πρότερον
883 2008 937 2044 ed.
962 2019 1015 2053 pr.
1121 2012 1139 2042 7
1165 2009 1367 2055 διαλυθείη]
1392 2009 1425 2044 Ε
1450 2013 1639 2058 ὁιαχυθειή
1664 2013 1767 2049 codd.

106 2064 274 2109 efflueret
298 2065 370 2101 Lat
462 2068 480 2100 S
507 2062 660 2108 *κενὸν,
684 2078 702 2102 ε
727 2066 750 2100 i.
767 2076 839 2100 ras.
866 2064 904 2098 M
997 2067 1017 2099 9
1043 2063 1242 2111 *ἐπείγετο
1268 2065 1316 2099 W
1385 2064 1610 2113 *θρασύνειν
1634 2068 1722 2103 ΜΨ

110 2124 150 2155 10
174 2120 212 2157 δὲ
236 2121 358 2156 ΜΨΕ
474 2125 512 2156 11
540 2122 739 2166 *καθίζειν
762 2121 849 2156 ΜΨ
966 2124 1007 2156 12
1033 2117 1098 2157 *δ’
1125 2118 1158 2163 ὁ]
1184 2118 1225 2168 δὴ
1251 2121 1340 2157 ΜΨ
1446 2125 1664 2160 διανίστατο
1689 2125 1721 2160 Ε

112 2178 153 2212 13
177 2173 324 2219 ἐξιόντι]
348 2177 533 2212 Low-thius
557 2180 594 2213 et
616 2177 769 2213 Hudson
793 2174 899 2220 ἄξιόν
924 2191 957 2213 τι
983 2178 1086 2213 codd.
1112 2177 1312 2223 eqredienti
1330 2178 1403 2214 Lat
1470 2175 1702 2226 ἀναγκαίων]
1727 2180 1769 2217 ἐν

111 2231 214 2268 αἰτία
239 2230 336 2268 ἑκών
357 2232 444 2267 ΜΨ
469 2233 674 2267 necessaria
697 2233 768 2268 Lat
799 2228 1076 2270 οἷναντιλέκτων
1100 2234 1155 2275 ed,
1180 2245 1235 2279 pr.
1383 2238 1425 2270 14
1447 2230 1674 2283 Ἀμβρώνας]
1700 2233 1768 2282 οἷμ-

111 2290 268 2334 βρωνᾶσ
290 2289 324 2322 Α
347 2283 559 2335 α’μπρώνασ
583 2288 670 2323 ΜΨ
694 2301 741 2335 γρ
765 2284 957 2335 ἅσπρίνασ
979 2290 1001 2324 i.
1018 2300 1129 2334 marg.
1151 2291 1185 2325 A
1209 2286 1467 2338 ἄσπρήνασΕ
1491 2303 1673 2338 asprenas
1696 2293 1769 2329 Lat

223 2346 287 2380 καὶ
317 2339 432 2385 αὐτὸς
459 2341 630 2390 παρῄνει]
661 2350 809 2391 μετεῖχε
838 2345 877 2382 δὲ
906 2347 970 2382 καὶ
1003 2342 1122 2382 αὗτὸσ
1153 2344 1310 2393 παρῄνει
1335 2347 1368 2382 Ε
1400 2358 1479 2382 eum
1511 2353 1604 2383 esset
1631 2354 1666 2383 et
1689 2349 1768 2395 ipse

110 2399 296 2445 particeps
319 2399 438 2445 operis
461 2399 686 2436 ammonebat
700 2399 771 2436 Lat
863 2405 904 2435 15
927 2399 1043 2444 καθὸ]
1066 2397 1162 2438 καθ’
1189 2399 1234 2440 ὃν
1251 2403 1339 2438 ΜΨ
1362 2406 1427 2440 καὶ
1444 2403 1476 2438 Ε
1572 2406 1611 2439 16
1636 2405 1675 2442 δὲ
1699 2416 1765 2441 om.

112 2455 146 2490 E
236 2455 455 2497 *εἰσελθεῖν1
479 2459 653 2490 remearet
676 2455 747 2491 Lat
864 2460 1033 2504 *χρῆζον
1056 2459 1161 2493 M¹W
1278 2463 1317 2494 17
1342 2462 1406 2496 καὶ
1431 2459 1468 2496 οὶ
1491 2480 1533 2484 -
1559 2462 1601 2494 20
1623 2463 1766 2507 χερσίν]

110 2511 169 2546 illi
188 2511 376 2557 siquidem,
401 2511 464 2556 qui
480 2510 578 2546 circa
595 2511 782 2548 chaeream
798 2518 914 2555 erant,
937 2515 1164 2551 exacuebant
1181 2515 1378 2552 alterutros
1399 2517 1506 2562 quasi
1523 2521 1661 2562 tempus
1677 2525 1769 2552 esset

111 2568 276 2614 sinqulos
297 2567 529 2613 praeparari,
553 2578 596 2602 ne
620 2567 670 2602 ad
691 2577 782 2614 opus
805 2568 968 2605 absentes
983 2570 1233 2607 inuenirentur
1254 2576 1290 2607 et
1304 2572 1534 2618 neqleqentes
1549 2576 1766 2618 oportunum

113 2630 252 2671 tempus
275 2623 480 2659 amitterent
501 2623 574 2658 Lat
666 2625 706 2658 18
729 2625 793 2660 καὶ
817 2635 884 2661 om.
907 2626 996 2660 MW
1087 2623 1109 2672 ᾗ
1135 2638 1202 2662 om.
1229 2628 1317 2663 ΜΨ
1418 2632 1458 2664 19
1482 2626 1766 2672 ἐπιπονοῦντες]

110 2677 192 2717 ἐπεὶ
215 2682 427 2716 πονοῦντεσ
451 2680 484 2713 A
506 2677 786 2715 ἐπιπονοῦντοσ
810 2680 855 2714 Ψ
879 2679 1157 2725 ἐπιπονοῦντας
1179 2684 1235 2719 ed.
1260 2695 1316 2729 pr.
1453 2684 1504 2725 δὲ]
1528 2681 1570 2730 δὴ
1594 2685 1677 2720 AW

113 2735 293 2780 μέλεσθαι
317 2735 356 2770 Μ
471 2737 512 2769 20
537 2732 694 2781 ἐννάτην
718 2735 799 2770 ΨΕ
907 2740 946 2772 21
972 2741 1036 2774 καὶ
1060 2738 1229 2786 Χαιρέας
1252 2760 1296 2765 -
1321 2743 1399 2784 228,
1423 2744 1445 2775 4
1469 2736 1765 2784 ἀπολουμένους]

114 2789 284 2827 chaereas
311 2792 433 2837 itaque
465 2791 633 2826 tardante
663 2791 748 2836 qaio
779 2796 858 2826 erat
885 2799 1064 2837 paratus,
1099 2800 1137 2828 ut
1168 2795 1418 2839 ingrederetur
1446 2796 1496 2831 ad
1527 2795 1646 2830 sedem
1677 2797 1764 2838 eius,

114 2848 298 2892 praescius
329 2853 446 2883 tamen
477 2848 565 2893 quia
594 2847 669 2881 illie
701 2857 820 2882 necem
847 2847 1028 2894 principis
1058 2859 1137 2884 oum
1168 2850 1280 2886 multo
1301 2852 1480 2897 sanquine
1502 2855 1709 2887 senatorum
1733 2860 1766 2888 et

114 2901 222 2936 simul
230 2904 447 2948 equestrium
459 2902 682 2949 adimpleret,
701 2903 854 2950 licetque
872 2903 1028 2946 arderet,
1049 2904 1176 2940 melius
1192 2910 1308 2941 tamen
1324 2917 1400 2942 esse
1417 2907 1593 2943 iudicauit
1607 2909 1764 2943 omnium

117 2961 273 2992 tutamen
296 2958 562 3004 libertatemque
583 2960 726 2994 seruari
748 2960 820 2996 Lat
951 2958 1241 3008 *βραδύναντοσ
1263 2964 1297 2997 A
1427 2960 1658 3000 ἐπεισελθὼν
1682 2965 1763 3002 ΨΕ

1467 3021 1538 3054 15*
