2074 3392
310 171 390 209 180
719 172 882 217 ANTIQ.
908 173 1005 208 IUD.
1031 173 1154 209 XVIII
1180 177 1356 210 218-225
1381 178 1438 217 (vl.
1455 179 1555 219 9.1⁰)

306 287 370 340 τιιῦ
409 284 698 340 προεγνωκώς
736 284 814 341 τὴν
854 284 1063 343 ἐσομένην
1103 287 1335 341 δυστυχίαν
1374 290 1460 331 τῶν
1491 285 1716 346 φιλτάτων
1751 291 1968 333 τελευτᾶν.

196 356 277 395 219
308 356 468 406 καίπερ
501 352 548 394 δὲ
579 356 976 432 συντεταραγμένος
1014 356 1069 411 τῇ
1108 354 1234 411 παρά
1265 355 1397 406 δόξαν
1426 358 1504 411 τῆς
1534 351 1666 413 ἀρχῆς
1697 356 1760 407 εἷς
1790 357 1865 408 οὓς
1895 353 1971 401 οὐκ

309 416 469 474 ν’θελεν
501 419 719 476 περιόδιιι),
762 417 877 462 α’κων
909 421 956 464 δὲ
986 423 1059 464 καὶ
1089 422 1148 478 μὴ
1179 419 1449 477 βουλόμενος
1481 426 1591 481 φησὶ
1620 427 1722 479 γοῦν
1752 424 1866 481 πρὸς
1894 424 1971 468 τὸν
2011 438 2018 443 ·

309 486 468 530 Ιάιον·
499 485 563 539 ,,ιῦ
596 496 693 539 παῖ,
725 492 885 540 καίπερ
916 505 994 542 μοι
1025 493 1358 545 συγγενεστέρου
1385 494 1590 546 Τιβερίου
1620 485 1647 547 ἢ
1676 491 1787 535 κατὰ
1818 492 1867 535 σὲ
1897 489 1971 535 όν-

306 570 381 605 τος
413 554 515 612 δόξῃ
548 572 594 598 τε
624 557 678 611 τῇ
709 553 898 609 ἒιιιαιτοῦ
927 557 1000 598 καὶ
1030 559 1093 612 τιιῦ
1123 554 1353 615 ὁμοψήφῳ
1385 554 1458 601 ἐπ)
1494 554 1603 615 αὐτῇ
1633 561 1721 601 τῶν
1751 561 1872 602 θεῶν
1901 561 1970 604 σοὶ
2024 582 2027 605 r

194 626 275 666 220
307 625 455 679 φέρων
489 622 708 678 ἐγχειρίζω
740 621 816 678 τὴν
843 619 1066 677 Ῥωμαίων
1097 621 1346 680 ἡγεμονίαν.
1407 622 1517 677 άξιῶ
1540 627 1587 668 δέ
1608 641 1657 669 σε
1676 627 1812 684 μηδὲν
1834 623 1970 684 ἆμνη-

305 700 454 744 μονεῑν
485 687 759 746 διιιιλήσαντα
782 685 891 747 αὐτῇ
912 686 1013 745 μήτ’
1040 686 1212 743 εὖνοίας
1232 695 1309 750 τῆς
1331 692 1448 749 ἐμῆς,
1481 693 1530 744 ὃς
1552 693 1614 745 εἷς
1632 694 1817 738 τοσόνδε
1839 691 1971 746 ἀξιώ-

195 761 273 801 221
308 774 448 812 ματος
477 761 726 815 καθίστημι
755 761 959 813 μέγεθος,
991 758 1101 814 μήτε
1122 761 1199 802 τοῦ
1220 760 1334 814 πρὸς
1361 764 1565 817 Τιβέριον
1596 765 1835 818 συγγενοῦς,
1868 759 1966 806 ἀλλ’

307 824 621 879 ἐπιστάμενον,
662 822 723 875 ῶς
761 824 838 867 σύν
876 841 924 868 τε
963 835 1057 876 τοῖς
1094 829 1220 877 θεοῖς
1259 828 1331 870 καὶ
1362 824 1460 881 μετ’
1498 826 1655 881 αὐτοὺς
1684 830 1870 874 τοιῶνδέ
1899 846 1970 874 σοι

305 896 576 949 κατασταίην
610 888 794 948 ἀγαθῶν
825 894 1054 950 ποριστής,
1088 890 1361 948 ἀμείβεσθαί
1389 913 1472 949 μου
1503 896 1551 940 τὸ
1586 894 1662 941 ἐπ)
1690 894 1838 949 αἰτοῖς
1859 898 1972 954 πρό-

305 962 452 1013 θιιιιον
483 961 556 1002 καὶ
589 959 681 1014 α’μα
718 963 922 1016 Τιβερίοι
955 961 1202 1018 φροντίζειν
1235 961 1309 1005 διὰ
1339 961 1417 1018 τὴν
1449 968 1716 1021 στγγένειαν,
1749 963 1894 1017 α’λλως
1922 982 1972 1010 τε

304 1026 545 1082 γινώσκειν,
579 1025 639 1079 ὥς
668 1028 811 1082 τεῖχός
843 1043 915 1072 σοι
945 1031 1017 1072 καὶ
1047 1032 1122 1087 τῆς
1154 1025 1286 1086 αρχῆς
1316 1027 1428 1084 ὁμοῦ
1457 1034 1529 1075 καὶ
1550 1035 1626 1091 τῆς
1647 1037 1868 1091 σωτηρίας
1888 1049 1971 1077 πε-

308 1093 415 1150 ριιύν
445 1099 611 1151 γίνοιτο
635 1089 689 1138 ἂν
716 1099 930 1152 Τιβέριος,
963 1101 1176 1154 φροίμιον
1199 1097 1245 1140 δὲ
1274 1100 1352 1140 τοῦ
1375 1098 1608 1153 δυστυχοῦς
1629 1101 1969 1156 μεθιστάμενος.

193 1167 274 1206 222
307 1162 357 1205 αι’
393 1179 439 1205 τε
478 1162 560 1219 γὰρ
599 1163 816 1218 μονώσεις
855 1164 1125 1208 ὲπικίνδινοι
1164 1175 1257 1216 τοῖς
1297 1165 1360 1216 εἰς
1396 1167 1663 1224 τηλικούτων
1700 1164 1971 1248 πραγμάτων

305 1226 434 1285 όγκον
473 1234 744 1275 καταστᾶσιν
782 1234 854 1274 καὶ
894 1235 1022 1282 θεοῖς
1063 1228 1138 1275 οἰκ
1185 1229 1442 1292 ἀτιμώρητα
1487 1232 1638 1278 ὁπόσα
1681 1236 1805 1291 παρὰ
1851 1237 1972 1294 δίκην

305 1297 596 1352 πρασσόμενα
628 1294 838 1356 ἀφανίζοι
866 1301 946 1342 τοῦ
977 1300 1112 1354 νόμου
1143 1300 1191 1344 τὸ
1225 1301 1383 1357 ἑτέρως
1405 1302 1623 1380 πράσσειν
1643 1305 1941 1358 παρακαλοῦν.
1946 1307 1972 1326 “

192 1371 273 1411 223
304 1366 543 1420 ταῦταμὲν
566 1363 587 1409 o‘
618 1370 820 1422 Τιβέριος
843 1366 997 1423 ε’)εγεν,
1031 1363 1079 1410 οὗ
1101 1385 1187 1425 μην
1208 1367 1408 1449 πιθανὸς
1438 1368 1490 1428 ἠν
1522 1373 1644 1427 Γαίῳ
1675 1375 1834 1427 καίπερ
1866 1369 1971 1416 ὗπι-

306 1437 567 1489 σχιοιιιιὲιιι),
601 1429 713 1476 ἀλλὰ
743 1450 966 1486 καταστας
997 1452 1060 1486 εις
1088 1435 1166 1494 τὴν
1196 1432 1330 1493 ἀρχὴν
1350 1436 1427 1480 τόν
1446 1454 1494 1480 τε
1520 1442 1724 1494 Τιβέριον
1743 1443 1973 1494 μαντείαις

305 1507 479 1557 αιάιρεῖ
507 1511 606 1552 ταῖς
637 1500 802 1544 ἐκείνου
833 1498 991 1554 καύτὸς
1013 1503 1263 1559 ἐπιβουλῶν
1293 1500 1367 1548 ἐπ’
1396 1501 1528 1549 αὐτὸν
1550 1509 1848 1550 συντεθεισῶν
1868 1503 1966 1562 μετ’

305 1567 354 1612 οὐ
386 1568 501 1612 πολὺ
532 1571 724 1627 τελευτᾷ.

193 1643 273 1682 224
422 1641 486 1681 10.
553 1641 755 1718 Τιβέριος
788 1638 833 1681 δὲ
864 1638 942 1682 τὸν
965 1639 1100 1682 Ιάιον
1123 1635 1365 1691 ἀποδείξας
1396 1639 1602 1719 διάδοχον
1631 1643 1708 1696 τῆς
1738 1639 1971 1699 ἡγεμονίας

305 1700 458 1761 ὀλίγας
489 1704 525 1748 ἐ·
528 1705 692 1760 τιβιους
722 1703 887 1762 ἡμέρας
918 1706 1078 1750 ε’θανεν
1110 1707 1223 1761 σχων
1255 1704 1386 1759 αυτὸς
1415 1707 1493 1765 τὴν
1516 1704 1649 1765 dperv
1672 1706 1833 1766 ηιιιέρας
1853 1719 1971 1766 τρεῖς
2024 1750 2027 1753 .
2054 1719 2058 1725 ’

303 1774 376 1815 καὶ
416 1777 547 1816 πέντε
585 1776 726 1830 μῆνας
765 1773 880 1829 πρὸς
918 1774 1135 1818 ἐνιαυτοῖν
1175 1776 1295 1819 διοῖν
1335 1778 1408 1820 καὶ
1448 1776 1599 1819 εἰκοσι.
1662 1777 1796 1828 Γάιος
1835 1778 1882 1821 δὲ
1917 1776 1970 1834 ἦν
2027 1779 2030 1782 ’

192 1846 273 1886 225
307 1837 587 1920 αυτοκράτωρ
626 1845 847 1920 τέταρτος.
904 1840 1135 1896 Ῥωμαίοις
1174 1841 1214 1886 δ’
1255 1842 1307 1900 ἦν
1344 1845 1424 1898 μὲν
1462 1844 1623 1895 πίστις
1652 1847 1730 1903 τῆς
1766 1849 1969 1901 Τιβερίου

302 1910 505 1965 τελευτῆς
536 1905 826 1966 ευφραίνοντό
858 1927 905 1952 τε
934 1912 997 1966 τιιῦ
1021 1906 1181 1966 άγαθιιῦ
1202 1913 1278 1967 τῆς
1300 1906 1515 1966 ἀγγελίας,
1548 1909 1597 1954 οὐ
1628 1929 1713 1967 μην
1743 1913 1969 1957 τιστεύειν

301 1992 350 2032 γε
380 1976 554 2031 θάρσος
585 1975 636 2034 ἠν
669 1973 842 2030 αὐτοῖς,
885 1973 934 2020 οὗ
973 1995 1033 2034 τιιι)
1065 1976 1123 2034 μὴ
1155 1978 1421 2033 βούλεσθαι,
1464 1977 1551 2034 πρὸ
1593 1980 1771 2022 πολλῶν
1800 1978 1883 2036 γὰρ
1916 1974 1968 2023 ἂν
2028 1988 2030 1993 “

417 2125 437 2168 ξ
465 2126 528 2158 224
554 2140 597 2152 =
623 2124 702 2159 bell.
730 2124 806 2159 Iud.
832 2125 867 2159 II
897 2127 970 2159 180.

417 2258 819 2294 AMWELatZonaras
843 2260 861 2294 I
885 2269 920 2304 p.
945 2262 1023 2293 493.

418 2318 433 2350 1
461 2317 617 2352 τελευτᾶ
642 2315 730 2350 ΜΨ
800 2318 819 2350 3
845 2316 895 2357 δὲ]
922 2315 961 2352 τὲ
986 2315 1073 2350 ΜΨ
1144 2318 1163 2349 4
1189 2311 1311 2352 *κατὰ
1338 2315 1392 2357 σὲ]
1418 2318 1485 2352 τοῦ
1507 2313 1605 2353 κατὰ
1632 2316 1673 2353 σὲ
1699 2317 1792 2353 coni.
1865 2321 1883 2352 5
1902 2320 1968 2367 τῷ]
2018 2359 2024 2364 ι

303 2373 347 2417 τῆ
371 2370 404 2406 Ε
490 2374 509 2406 6
535 2371 585 2413 δὲ]
611 2371 651 2409 τὲ
667 2371 700 2407 Ε
785 2372 911 2418 μηδὲν]
935 2369 984 2418 μὴ
1003 2372 1035 2407 Ε
1106 2375 1123 2405 7
1150 2367 1408 2417 *ὃμιλήσοντα
1426 2374 1459 2408 Α
1526 2370 1645 2419 *μήτε
1662 2373 1751 2410 ΜΨ
1798 2373 1969 2418 τοσόνδεὶ

303 2425 463 2464 τοσόνδέ
489 2441 531 2465 σε
548 2427 635 2463 ΜΨ
714 2431 733 2462 9
757 2426 1013 2473 ἐπιστάμενοσ
1030 2428 1069 2463 Μ
1142 2431 1181 2463 10
1198 2441 1261 2472 μοι
1280 2429 1313 2463 Α
1387 2432 1421 2463 11
1450 2424 1536 2466 ἀλλ’
1561 2424 1659 2466 ὥστε
1677 2430 1724 2466 Ψ
1796 2433 1836 2466 13
1861 2432 1969 2479 ‹pooi-

303 2498 342 2528 μι
360 2503 366 2510 ·
384 2497 428 2520 ον
453 2495 497 2519 ex
523 2482 638 2531 φρόνι
654 2503 664 2511 ·
680 2498 726 2521 ον
749 2495 840 2520 corr.
866 2486 899 2520 A
924 2486 1135 2531 φροίμιμον
1160 2484 1206 2519 W
1325 2488 1365 2521 14
1389 2483 1626 2522 ἐπικίνδυνον
1650 2488 1683 2522 Α
1790 2490 1829 2523 15
1853 2485 1968 2526 κατά-

304 2553 438 2577 στασιν
462 2540 508 2574 Ψ
604 2543 645 2575 16
669 2537 844 2586 ἀφανίζει
871 2541 1017 2577 Bekker
1109 2540 1270 2586 ἑτέρωσε
1295 2543 1328 2577 Α
1427 2545 1462 2576 17
1491 2537 1535 2589 ἢν
1560 2545 1613 2579 τῶ
1637 2542 1732 2589 γαΐω
1756 2543 1879 2579 ΜΨΕ

309 2599 346 2632 18
372 2599 442 2634 *τε
468 2608 534 2633 om.
560 2598 594 2632 A
672 2601 711 2633 19
737 2594 897 2644 α’ναιρεῐ]
923 2598 1016 2634 coni.
1043 2597 1203 2645 αἱρεῖται
1230 2599 1333 2636 codd.
1360 2597 1504 2646 αἴρεται
1529 2599 1560 2634 Ε
1585 2601 1750 2635 extinxit
1773 2600 1844 2636 Lat
1867 2596 1968 2638 ἄναι-

306 2660 424 2700 (ιεῖται
451 2653 594 2698 Cocceji
621 2654 722 2702 αἱρεῖ
743 2654 895 2690 Hudson
1005 2650 1133 2697 αὐτὸν]
1160 2651 1261 2691 αὐτῶ
1287 2655 1319 2690 Ε
1424 2659 1463 2690 21
1493 2656 1697 2703 *Τιβέριος
1721 2656 1770 2699 δὲ]
1794 2656 1859 2692 sed
1880 2656 1968 2693 llaec

298 2716 442 2756 postea.
479 2716 562 2745 tnnc
587 2716 706 2746 autem
733 2711 880 2746 tiberius
905 2711 975 2747 Lat
1084 2708 1163 2753 τὸν]
1190 2710 1259 2748 τόν
1284 2725 1322 2749 τε
1349 2714 1382 2747 A
1407 2709 1496 2749 τότε
1520 2709 1590 2748 τὸν
1616 2713 1646 2747 Ε
1750 2715 1791 2748 23
1817 2713 1966 2757 *πέντεΙ

314 2764 370 2801 VI
402 2767 472 2802 Lat
504 2764 544 2810 ἕξ
572 2767 654 2804 bell.
685 2767 762 2803 Iud.
917 2770 960 2803 24
985 2764 1183 2813 Ῥωμαίοις
1213 2765 1250 2804 ‹5'
1281 2763 1326 2815 ἢν
1357 2769 1426 2813 μὲν
1456 2766 1598 2812 πύστις]
1633 2769 1795 2815 ῥωμαΐοι
1826 2770 1895 2815 μὲν
1925 2767 1967 2815 δὴ

306 2825 428 2859 πίστει
455 2823 543 2858 ΜΨ
578 2823 769 2871 ῥωμαιόισ
800 2824 838 2860 δὲ
870 2817 935 2870 ἧκε
966 2824 1036 2869 μὲν
1068 2822 1203 2861 uiam
1236 2825 1267 2860 Ε
1407 2823 1605 2870 Ῥωμαίοις
1636 2846 1682 2852 -
1712 2829 1753 2860 25
1779 2821 1966 2872 α’γγελίας]

305 2887 342 2914 ιιι
368 2880 510 2914 romani
536 2880 722 2916 audientes
748 2881 867 2916 tiberii
890 2885 1040 2916 mortem
1067 2880 1200 2916 hilares
1225 2892 1336 2927 affere
1359 2887 1557 2928 coeperunt
1578 2893 1759 2929 prospero
1785 2881 1970 2926 laetificati

305 2937 430 2970 rutulio
458 2936 527 2971 Lat
620 2940 661 2971 25
687 2933 988 2984 *εὐφραίνονταί
1013 2937 1100 2972 ΜΨ
1193 2941 1235 2972 ἳιὶ
1261 2935 1336 2984 πρὸ
1364 2948 1429 2973 om.
1457 2938 1488 2972 E
