2051 3397
590 212 783 248 lOSEPHI
810 213 925 249 VITA
951 216 1129 249 2:553-2w
1155 216 1290 255 (15.114)
1682 213 1760 251 361

103 330 222 383 βαρα
243 326 290 369 δὲ
310 329 568 382 γενομένοις
591 323 844 379 ἶπαντιάζει
867 327 979 382 μετὰ
1001 328 1253 384 τρισχιλίων
1283 324 1482 370 ὁπλιτῶν
1508 324 1530 370 ὁ
1551 323 1763 385 Ἰωάννης.

106 392 188 450 ἐγώ
231 389 273 436 δ’
299 393 343 437 ἐκ
381 396 458 451 τῆς
498 393 736 450 ε’πιστολης
776 393 850 452 η’ὸη
896 396 1122 447 συνεικώς,
1162 394 1232 438 ὅτι
1272 394 1527 450 διεγνώκασι
1569 395 1683 451 πρός
1712 412 1764 450 με
1798 398 1877 439 234

106 462 330 516 πολεμεῖν,
363 458 557 512 ἀναστὰς
589 458 678 505 ἀπὸ
705 463 936 517 Χαβώλων
965 464 1076 518 μετὰ
1107 463 1360 516 τρισχιλίων
1391 460 1601 515 ὁπλιτῶν,
1633 481 1766 506 κατα-

106 528 251 573 λιπιὺν
282 528 326 572 ἐν
357 532 418 585 τῷ
450 531 740 586 στρατοπέδῳ
763 531 840 574 τὸν
872 531 1143 575 πιστότατον
1163 533 1251 573 τιῦν
1273 531 1416 588 φίλων
1439 531 1501 578 εἶς
1517 527 1767 574 Ἰωτάπατα

54 605 76 638 5
105 596 408 655 παρεγενόμην
426 598 616 654 πλησίον
635 595 776 642 αὐτῶν
794 597 830 642 εί
837 617 904 642 ναι
926 598 1192 653 βουλόμενος
1208 593 1313 640 ὅσον
1331 594 1421 641 άπὸ
1439 598 1766 653 τεσσαράκοντα

106 665 312 717 σταδίων,
343 666 416 708 καὶ
445 666 603 721 γράφω
635 667 750 722 πρὸς
781 664 939 717 αὐτοὺς
967 662 1095 709 τάδε·
1128 665 1195 716 ,,ει’
1224 666 1404 717 πάντως
1424 682 1479 720 με
1510 665 1623 718 πρὸς
1656 663 1766 720 ὑμᾶς
1796 670 1878 712 235

106 732 256 777 ἐλθεῖν
285 732 519 788 βούλεσθε,
554 735 777 778 (διακόσιαι
809 736 879 778 καὶ
910 738 1120 790 τέσσαρες
1146 733 1255 776 κατὰ
1277 732 1355 789 την
1379 735 1622 777 Γαλιλαίαν
1654 734 1765 777 εἰσὶν

106 799 262 851 πόλεις
291 802 364 844 καὶ
395 804 552 855 κῶμαι.
613 802 778 845 τούτων
810 802 873 852 εἰς
902 802 953 860 ἣν
985 802 1199 858 θελήσετε
1239 801 1603 859 παραγενήσομαι
1632 804 1766 858 χωρὶς

107 867 323 925 Γαβάρων
352 871 423 912 καὶ
462 870 707 923 Γισχάλων·
752 869 773 926 η
813 871 892 924 μὲν
930 869 1013 926 γὰρ
1045 874 1208 926 πατρίς
1247 869 1365 913 ἐστιν
1390 865 1613 921 Ἰωάννου,
1652 866 1676 925 ἡ
1719 870 1765 913 δὲ

35 942 75 979 10
104 936 329 992 σύμμαχος
360 934 477 993 αὐτῷ
509 941 580 981 καὶ
613 939 765 996 φίλη.“’

219 1008 286 1048 46.
351 1007 500 1048 Ταῦτα
521 1005 575 1048 τά
598 1005 834 1061 γράμματα
857 1005 1065 1060 λαβόντες
1086 1005 1128 1048 οἱ
1151 1007 1253 1061 περὶ
1282 1005 1360 1049 τὸν
1376 1002 1591 1064 Ἰωνάθην
1623 1002 1766 1050 οὐκέτι
1796 1009 1879 1051 236

104 1072 184 1127 μὲν
224 1068 593 1131 ἀντιγράφουσιν·
635 1075 860 1128 συνέδριον
901 1074 947 1116 δὲ
985 1076 1073 1117 τῶν
1113 1075 1256 1132 φίλων
1289 1077 1557 1125 καθίσαντες
1586 1076 1658 1117 καὶ
1689 1073 1767 1117 τὸν

98 1137 302 1199 Ἰωάννην
325 1141 661 1196 παραλαβόντες
683 1141 978 1196 ἐβουλεύοντο,
1010 1146 1109 1185 τίνα
1131 1142 1298 1197 τρόπον
1330 1141 1645 1198 ἐπιχειρήσωσί
1674 1159 1764 1196 μοι.

104 1210 178 1252 καὶ
201 1204 379 1266 Ἰωάννῃ
419 1209 498 1264 μὲν
537 1208 679 1253 ἐδόκει
717 1209 903 1266 γράφειν
942 1209 1057 1265 πρὸς
1097 1210 1247 1260 πάσας
1276 1209 1356 1260 τὰς
1388 1210 1431 1253 ἐν
1462 1213 1513 1267 τῇ
1547 1211 1766 1267 Γαλιλαίᾳ
1798 1213 1878 1254 237

35 1283 74 1318 15
104 1277 260 1328 πόλεις
289 1278 360 1320 καὶ
394 1277 555 1332 κώμας,
594 1275 708 1321 εἶναιΥ
737 1276 820 1333 γὰρ
853 1277 897 1320 ἐν
927 1276 1085 1334 ἑκάστη
1118 1277 1298 1328 πάντως
1330 1277 1404 1320 ἕνα
1434 1281 1536 1334 γοῦν
1566 1279 1637 1320 καὶ
1671 1277 1768 1321 δεύ-

103 1361 231 1400 τερον
262 1344 481 1402 διάφορον
511 1344 632 1399 ἐμοί,
674 1347 746 1389 καὶ
787 1346 934 1388 καλεῖν
964 1343 1146 1396 τούτους
1176 1343 1234 1396 ὡς
1266 1345 1342 1389 ἐπὶ
1374 1347 1589 1400 πολέμιον
1623 1361 1644 1384 *
1677 1344 1767 1388 ἐκε-

105 1412 255 1456 λεύετο
287 1416 483 1467 πέμπειν
513 1412 562 1456 τὸ
597 1412 738 1469 δόγμα
767 1416 895 1456 τοῦτο
927 1416 998 1457 καὶ
1032 1414 1094 1464 εἷς
1121 1413 1200 1470 τὴν
1231 1410 1589 1469 Ἱεροσολυμιτῶν
1620 1413 1767 1465 πόλιν,

103 1480 178 1524 ἵνα
216 1476 407 1524 κᾶκεῖνοι
445 1480 621 1537 γνόντες
658 1478 746 1524 Δὕπὸ
787 1484 874 1524 τῶν
907 1482 1158 1524 Γαλιλαίων
1196 1485 1429 1537 κεκρίσθαι
1466 1497 1521 1536 με
1551 1483 1768 1536 πολέμιον

104 1550 176 1591 καὶ
225 1544 350 1592 αὐτοὶ
396 1553 711 1606 ψηφίσωνται·
763 1553 996 1605 γενομένου
1040 1548 1121 1605 γὰρ
1166 1549 1323 1592 τούτου
1367 1550 1439 1591 καὶ
1487 1548 1588 1599 τοὺς
1634 1548 1768 1599 εὔνως

35 1623 75 1658 20
105 1612 284 1670 ἔχοντάς
321 1634 397 1671 μοι
440 1619 707 1667 Γαλιλαίους
753 1616 1087 1673 ἐγκαταλείψειν
1133 1618 1216 1675 ἔφη
1264 1620 1560 1675 φοβηθέντας.
1628 1618 1767 1658 ταῦτα
1797 1619 1879 1661 238

105 1685 514 1740 συμβουλεύσαντος
538 1683 740 1729 Ἰωάννου
781 1682 957 1743 σφόδρα
994 1687 1064 1728 καὶ
1096 1694 1190 1736 τοῖς
1222 1682 1372 1735 ἄλλοις
1406 1681 1554 1741 ἤρεσεν
1584 1683 1639 1726 τὰ
1673 1684 1766 1737 λεχ-

104 1755 258 1795 θέντα.
318 1755 423 1809 περὶ
455 1750 496 1796 δ’
523 1752 640 1810 ιῖίραν
670 1755 747 1810 τῆς
778 1753 929 1804 νυκτὸς
958 1758 1108 1811 τρίτην
1139 1753 1201 1803 εἷς
1231 1755 1390 1808 γνῶσιν
1423 1748 1496 1809 ἧκέ
1516 1769 1594 1807 μοι
1615 1754 1766 1803 ταῦτα,
1799 1755 1880 1797 239

105 1824 323 1874 Σακχαίου
362 1823 449 1863 τιῦν
489 1820 567 1864 σὺν
607 1816 756 1871 αὐτοῖς
794 1837 914 1871 τινος
945 1817 1330 1879 αὐτομολήσαντος
1361 1820 1474 1877 πρός
1504 1837 1557 1874 με
1586 1821 1660 1862 καὶ
1689 1818 1768 1874 τὴν

106 1886 378 1945 ἐπιχείρησιν
418 1884 559 1931 αὐτῶν
599 1884 968 1944 ἀπαγγείλαντος·
1016 1885 1160 1932 οὐκέτι
1210 1888 1262 1946 δὴ
1304 1889 1394 1931 δεῖν
1433 1885 1768 1943 ὑπερτίθεσθαι

35 1962 74 1996 25
103 1954 180 1998 τὸν
209 1955 375 2012 καιρόν.
422 1952 546 2006 ἄξιον
578 1956 624 1998 δὲ
654 1960 804 2012 κρίνας
820 1953 1023 2011 Ἰάκωβον
1054 1953 1244 2014 ὁπλίτην
1273 1958 1360 1999 τῶν
1381 1957 1484 2012 περὶ
1508 1955 1583 2011 ἐμὲ
1605 1953 1766 1999 πιστὸν
1798 1959 1879 1999 240

215 2136 404 2172 PRAMW

219 2197 234 2228 1
262 2193 497 2239 γεναμένουσ
521 2193 549 2228 P
666 2190 686 2230 ὁ
713 2205 780 2230 om.
807 2194 929 2229 AMW
1046 2197 1064 2229 2
1090 2194 1127 2230 δὲ
1153 2194 1240 2228 ΜΨ
1349 2191 1510 2230 σι’νϊκώσ
1534 2193 1562 2228 Ρ
1587 2189 1769 2239 συνηκώσ,

103 2248 128 2283 i.
153 2259 264 2294 marg.
290 2264 338 2296 γρ
363 2252 492 2287 συνείσ
515 2252 548 2285 Α
573 2254 698 2288 συνεὶσ
721 2252 841 2287 RMW
935 2255 954 2287 3
977 2249 1161 2299 χαβόλων
1184 2251 1212 2286 Ρ
1235 2254 1420 2299 χαβαλῶν
1436 2251 1566 2286 'RMW
1656 2264 1770 2286 κατα-

104 2303 246 2343 λειπὼν
269 2307 298 2342 P
369 2311 390 2342 4
414 2310 469 2356 τῷ
494 2318 562 2343 om.
588 2308 616 2342 P
708 2306 950 2345 πιστώτατον
966 2308 995 2343 Ρ
1088 2311 1166 2344 τῶν
1190 2309 1310 2354 φίλων
1333 2306 1403 2344 τὸν
1426 2305 1662 2343 πιστότατον
1685 2307 1725 2342 Μ

105 2361 296 2400 ἰοτάπατα
320 2363 367 2398 W
484 2368 502 2400 5
530 2358 626 2401 ὅσον
651 2375 718 2402 om.
742 2364 839 2400 PRA
968 2362 1252 2412 τεσσεράκοντα
1277 2366 1310 2399 A
1440 2367 1457 2397 ἵ
1485 2363 1554 2399 εἰσὶ
1578 2360 1676 2400 κατὰ
1702 2360 1770 2409 τὴν

104 2421 305 2466 γαλιλαιάν
329 2423 373 2456 tr.
399 2420 488 2456 ΜΨ
593 2424 611 2456 8
637 2418 839 2468 θελήσηται
862 2421 891 2456 P
984 2424 1004 2456 9
1028 2418 1210 2469 γαβάλων
1234 2421 1274 2456 Μ
1373 2414 1566 2467 γισχάρων
1588 2420 1679 2454 MW

105 2489 154 2523 γρ
178 2474 200 2522 ἡ
225 2475 263 2512 δὲ
288 2478 480 2523 συμμαχίσ
501 2477 526 2512 i.
551 2488 660 2522 marg.
685 2479 719 2513 A
838 2482 876 2512 10
903 2475 1005 2526 αὐτῷ
1028 2488 1096 2513 om.
1122 2479 1156 2513 A
1273 2481 1311 2513 11
1344 2479 1467 2513 Ταῦτα
1493 2472 1538 2512 τὰ
1564 2474 1769 2522 γράμματα

54 2557 57 2559 >
107 2542 176 2568 om.
201 2532 291 2567 MW
363 2536 403 2569 12
430 2533 644 2581 συνέδρειον
667 2535 695 2569 Ρ
789 2538 830 2570 13
854 2529 1132 2581 ἐπιχειρήσουσι
1156 2533 1190 2569 R
1214 2537 1251 2569 et
1274 2544 1319 2569 ex
1343 2543 1433 2569 corr.
1459 2534 1493 2567 A
1516 2532 1600 2568 fort.
1624 2535 1725 2568 recte

109 2591 151 2623 14
176 2586 341 2636 ἰωάννησ
364 2590 413 2625 W
552 2594 592 2626 15
617 2588 713 2628 εἶναι
735 2612 780 2617 -
803 2589 882 2633 ἕνα]
908 2589 1054 2628 τούτων
1083 2591 1140 2628 εἰσ
1169 2587 1215 2637 ἢν
1245 2587 1424 2636 θελήσετε
1455 2586 1769 2636 παραγενήσομαι

104 2646 228 2691 χωρὶσ
250 2644 301 2688 R;
327 2645 373 2680 ef.
399 2657 511 2692 supra
534 2658 569 2682 u.
597 2650 616 2682 S
743 2650 782 2682 16
807 2646 902 2692 ἐμοῦ
925 2647 1013 2682 ΜΨ
1129 2644 1322 2683 ἐκελεύετο
1348 2646 1521 2690 πέμπειν]
1545 2645 1706 2689 πέμπειν
1730 2640 1769 2680 δ’

106 2701 159 2744 (δὲ
182 2701 285 2743 ΜΨ)
309 2701 456 2740 ἐκέλευε
479 2702 655 2745 (ἐκέλευε·
681 2704 727 2746 Α)
750 2703 908 2738 RAMW
931 2702 1079 2740 ἐκέλευέ
1102 2717 1143 2740 τε
1168 2703 1328 2747 πέμπειν
1345 2704 1437 2739 coni.
1533 2705 1571 2736 17
1597 2698 1676 2747 τὴν]
1701 2698 1769 2748 τὴν

105 2759 184 2794 τῶν
207 2757 364 2793 RAMW
459 2762 499 2794 18
525 2763 694 2806 γνῶντεσ
717 2760 745 2794 Ρ
857 2764 897 2795 19
923 2757 1050 2802 εὔνως]
1077 2756 1223 2796 εὖνοωσ
1247 2760 1274 2794 Ρ
1300 2755 1447 2796 εὖνοῶσ
1470 2758 1558 2793 ΜΨ
1583 2754 1769 2794 εὐνοϊκωσ

104 2813 150 2858 R,
165 2814 189 2850 i.
206 2825 316 2860 marg.
339 2829 387 2862 γρ
413 2811 596 2853 εὐνοϊκῶσ
611 2818 645 2851 Α
715 2818 756 2851 20
781 2815 1049 2863 ἐνκαταλίψειν
1064 2816 1093 2851 P
1117 2815 1383 2862 ἐγκαταλιπεῖν
1402 2815 1490 2849 ΜΨ
1561 2818 1603 2849 22
1627 2814 1666 2850 δὲ
1689 2815 1723 2849 A

105 2863 212 2917 (ῧραν
235 2871 274 2908 δὲ
297 2873 427 2918 τρίτην
450 2875 519 2918 τῆσ
544 2869 684 2909 νυκτὸσ
706 2875 751 2908 tr.
777 2873 866 2907 MW
937 2876 978 2907 23
1006 2871 1213 2918 Σακχαίου]
1239 2873 1424 2919 σαγχαιόυ
1447 2870 1510 2905 PR
1535 2871 1766 2916 ζακχαίου,ζ

104 2925 129 2960 i.
153 2937 240 2971 ras„
261 2927 287 2962 i.
304 2938 414 2973 marg.
432 2942 479 2975 γρ
496 2927 537 2965 ἐν
554 2926 688 2966 ἄλλοισ
711 2931 898 2976 σαγχαίου
911 2931 944 2964 Α
970 2929 1165 2975 Σαχχαιόυ
1182 2929 1275 2964 coni.
1347 2924 1658 2972 αὖτομολοῦντοσ
1673 2927 1722 2962 Ψ

106 2984 151 3016 24
175 2979 216 3028 δὴ
241 2984 328 3026 δεῖν]
355 2979 493 3030 δ’ήδειν
516 2985 544 3020 Ρ
570 2985 609 3022 δὲ
631 2983 731 3031 ᾔδειν
755 2985 877 3021 AMW
970 2987 1012 3020 25
1038 2985 1076 3022 δὲ
1100 2995 1167 3020 om.
1192 2984 1279 3020 MW
1391 2987 1536 3020 πιστῶν
1559 2983 1767 3018 PRA¹MW
