2051 3397
529 207 690 252 ANTIQ.
717 207 811 243 IUD.
836 206 938 242 xvu
965 210 1142 242 :51122516
1168 209 1227 246 (xl.
1248 212 1324 246 ·.».;ι)
1678 202 1756 240 129

93 323 329 379 τριιιὶτερον
367 325 634 381 φαίνεσθαι,
675 339 745 364 και
787 321 862 364 τόν
901 337 948 363 τε
990 323 1161 374 ιατέρα
1207 313 1593 398 συνολοφύρεσθαι
1640 311 1757 357 αιτιιῖ

95 391 440 447 θεραπεύοντας,
471 390 588 445 εἴγε
618 393 797 444 μετρίου
828 407 892 431 τι
880 384 1051 466 γχάνειν
1083 389 1326 444 δινηθεῖεν,
1358 387 1429 427 καὶ
1460 380 1600 426 τάλλα
1627 382 1759 425 οἰκει-

95 462 316 513 ουμένους.
374 460 453 500 τοί
490 457 536 500 δὲ·
578 457 806 507 δείσαντος
843 456 897 514 μ’]
943 452 1034 510 οὐχὶ
1060 453 1259 510 “Ηριιὶδοι
1294 452 1471 510 γνήσιος
1502 451 1757 494 πιστείοιτο
1790 455 1869 492 :w

96 526 211 578 υἱός,
256 521 381 568 οὐδὲν
412 524 481 602 εἷς,
512 520 735 579 άναβολὰς
772 520 872 566 ἀλλ’
909 524 952 566 ἐκ
982 526 1058 566 τοῦ
1090 519 1212 574 ὀξέος
1244 521 1424 571 ἐπάξειν
1456 538 1508 562 αν
1539 521 1600 574 τῷ
1633 518 1755 561 εθνει

44 603 64 637 5
91 610 168 651 την
200 592 400 636 διάνοιαν
433 587 564 635 αὐτοῦ
596 610 666 635 και
700 610 838 634 ταιτα
872 610 926 649 ιιι
924 592 997 633 δε
991 609 1054 633 ιω
1084 592 1232 633 τελεον
1253 588 1574 644 κρατυνάμενον
1601 584 1757 643 ἶγεμο-

94 664 190 704 νίαν
228 659 301 702 διὰ
340 659 391 702 τὸ
433 659 507 702 ἐπὶ
541 664 737 713 Καίσαρι
769 660 920 702 δοῦναι
949 660 1019 701 καὶ
1053 657 1108 714 μ’]
1153 657 1230 714 τῂν
1270 656 1472 706 ἐξουσίαν
1511 672 1646 706 ειναι,
1686 655 1755 696 καὶ
1790 660 1869 697 313

94 723 375 783 παραδειγμα
404 726 482 784 τὴν
512 730 589 785 της
626 727 688 778 εἰς
721 725 855 777 αυθις
886 723 1042 783 ἀρετῆς
1071 728 1250 769 τιθέναι
1281 733 1375 774 τοῖς
1406 719 1759 778 άρχθησομενοις

92 794 378 874 μετριότητος
406 796 477 837 καὶ
511 792 728 849 εὐνομίας,
760 800 782 852 'J
814 795 1028 852 χρήσαιτο
1061 787 1113 836 άν
1145 792 1258 847 πρὸς
1290 788 1461 843 αἰτοός,
1493 785 1583 833 απὸ
1615 791 1690 847 τῆς
1714 789 1758 831 έν

93 862 290 918 πρώτοις
320 859 668 920 άποδειχθείσις
699 862 902 918 πράξεως
933 861 965 904 ἑ
972 866 1010 904 ιί
1039 879 1086 904 τε
1116 870 1210 911 τοῖς
1239 861 1447 909 πολίταις
1477 860 1547 901 καὶ
1577 860 1639 913 τιιῖ
1662 858 1758 912 θεῶ

27 940 62 975 10
89 931 342 987 τρισχιλίων
373 928 612 989 ὁμοφύλων
644 928 813 985 ἀνδρῶν
846 929 1018 988 σφαγὴν
1050 929 1093 972 έν
1132 931 1195 984 τῷ
1233 930 1403 981 τεμένει
1421 926 1757 1005 ,ποιησάμενονζ

93 1000 190 1049 πῶς
228 994 303 1042 οἰκ
345 1017 397 1040 αν
436 996 517 1056 1'Jd'1J
558 1001 631 1042 καὶ
671 999 828 1054 δικαίιιι
866 1013 986 1052 μισει
1017 999 1214 1053 χρισθαι
1245 1013 1324 1038 κατ
1381 990 1525 1037 αυτιῦν
1561 992 1676 1047 πρὸς
1688 1009 1755 1073 τη

93 1067 227 1123 λοιπη
269 1062 463 1124 ιῦιιότητι
504 1068 576 1109 καὶ
619 1067 807 1144 ἔγκλημα
844 1068 922 1123 τῆς
961 1061 1259 1114 ἀντιστάσεως
1293 1064 1366 1106 καὶ
1399 1058 1650 1117 ἀντιλογίας
1681 1059 1714 1102 ἐ
1705 1077 1758 1103 τι

91 1152 141 1191 τη
176 1130 285 1191 ἆρχη
317 1135 676 1192 προφερόμενον·
710 1152 756 1191 ην
789 1134 836 1176 δὲ
866 1129 1108 1190 κεφάλαιον
1140 1127 1291 1182 αυτοῖς
1319 1133 1398 1186 τῆς
1429 1126 1655 1180 ἀξιώσεως
1674 1132 1757 1182 βα·
1790 1133 1869 1172 ‘314

92 1203 263 1252 σιλείας
290 1203 370 1256 μὲν
400 1205 470 1245 καὶ
503 1203 687 1246 τοιῶνδε·
726 1198 867 1257 ἀρχῶν
898 1196 940 1243 ά]
940 1200 1212 1258 εηλλάχθαι,
1250 1198 1487 1256 προσθηκη
1520 1197 1567 1240 δὲ
1597 1200 1759 1252 Συρίας

26 1276 62 1314 15
89 1269 314 1326 γεγονότες
343 1268 688 1314 ὑποτάσσεσθαι
718 1279 812 1320 τοῖς
849 1268 986 1312 ἐκεῖσε·
1017 1270 1324 1322 πεμπομένοις
1355 1273 1637 1322 στρατηγοῖς·
1670 1280 1759 1321 φα-

91 1338 437 1396 νερωθήσεσθαι
473 1339 555 1395 γὰρ
596 1333 754 1391 οὕτως,
796 1337 884 1380 εἴτε
924 1332 1106 1393 ἀληθῶς
1137 1334 1401 1384 στασιώδεις
1433 1331 1518 1376 εἶεν
1547 1334 1621 1375 καὶ
1653 1347 1759 1374 νεω-

89 1415 316 1461 τερισμοῖς
346 1405 401 1448 τὰ
429 1405 574 1449 πολλὰ
597 1408 954 1463 προσησκημένοι
976 1404 1064 1447 εἴτε
1085 1405 1158 1446 καὶ
1181 1399 1243 1454 οἰῗ,
1275 1404 1578 1457 μετριωτέρων
1607 1398 1759 1453 τυχόν-

87 1488 160 1523 τες
190 1475 233 1516 οἳ
263 1472 581 1531 ἐπιστήσονται
613 1470 804 1523 αὐτοῖς.··’

206 1545 243 1584 3.
308 1544 503 1584 Τοιαῦτα
547 1542 594 1584 δὲ
632 1543 720 1584 τῶν
755 1536 979 1584 Ἰουδαίων
1024 1538 1260 1596 εἰρηκότων
1300 1537 1521 1586 Νικόλαος
1565 1534 1668 1584 τούς
1712 1550 1760 1576 τε
1791 1537 1871 1576 315

26 1615 64 1650 m
90 1609 290 1664 βασιλεῖς
326 1605 586 1667 ἀπήλλασσε
624 1611 712 1651 τῶν
753 1607 1052 1665 ἐγκλημάτων,
1087 1604 1286 1661 (Ηριόδην
1323 1605 1401 1659 μὲν
1441 1603 1515 1648 διὰ
1552 1602 1601 1646 τὸ
1643 1597 1754 1654 παρ)

92 1675 142 1720 ὂν
172 1675 242 1734 ἔζη
272 1676 429 1732 χρόνον
460 1685 602 1730 τυχεῖν
636 1672 981 1733 ἀκατηγόρητον·
1014 1670 1062 1717 οὗ
1093 1673 1175 1729 γὰρ
1208 1672 1258 1731 δὴ
1291 1672 1393 1723 τοὺς
1424 1671 1617 1728 ἐγκαλεῖν
1639 1669 1760 1723 ἕχον-

91 1760 170 1795 τας
207 1744 283 1788 ἐπὶ
319 1749 516 1800 μετρίοις
554 1743 677 1799 παρὰ
722 1746 800 1787 τοῦ
839 1743 997 1795 ζῶντος
1040 1745 1258 1797 τιμωρίαν
1298 1741 1448 1794 λαβεῖν
1495 1740 1761 1792 δυναμένους

93 1811 168 1855 ἐπὶ
199 1815 334 1869 νεκρῷ
364 1816 630 1869 κατηγορίαν
661 1814 941 1855 συντιθέναι·
972 1808 1028 1852 τὰ
1060 1810 1106 1853 δὲ
1127 1804 1207 1852 ὑπ’
1228 1804 1468 1864 Ἀρχελάου
1498 1808 1759 1863 πραχθέντα
1791 1808 1871 1848 316

91 1874 215 1936 ὕβρει
244 1882 297 1937 τῇ
329 1880 504 1924 ἐκείνων
536 1876 757 1931 ἀνετίθει,
799 1881 842 1922 οἳ
872 1874 1161 1934 ὀριγνώμενοι
1199 1875 1473 1932 πραγμάτιον
1504 1873 1628 1930 παρὰ
1657 1871 1762 1923 τοὺς

207 2005 227 2045 ξ
254 2005 319 2038 315
345 2020 388 2031 =
411 2003 737 2039 bell.1ud.1189.

206 2105 635 2141 PAMWELatZonaras
660 2104 695 2139 II
719 2116 756 2149 p.
782 2107 860 2138 470.

213 2163 228 2195 1
256 2164 460 2206 φανεῖσθαι
484 2161 517 2195 Ε
610 2164 663 2203 τε]
687 2174 731 2207 γε
755 2159 877 2195 AMW
959 2155 1295 2205 συνολοφύρασθαι
1320 2156 1408 2191 ΜΨ
1485 2158 1504 2190 2
1530 2153 1569 2192 εἷ’
1585 2159 1639 2202 γε]
1667 2155 1701 2191 εἰ
1723 2155 1761 2191 δὲ

97 2214 217 2250 ΛΜΨ
309 2223 433 2263 τυχεῖν
456 2216 543 2251 ΜΨ
636 2220 840 2264 δυνηθεῖεν]
865 2217 889 2251 i.
907 2226 1018 2260 marg.
1044 2229 1092 2262 γρ
1117 2217 1286 2260 δεηθεῖεν
1310 2215 1342 2248 Α
1435 2209 1481 2249 τὰ
1507 2209 1602 2249 ἄλλα
1627 2211 1715 2246 ΜΨ

98 2276 116 2305 3
142 2268 212 2307 τὸν
236 2271 275 2308 δὲ
297 2273 474 2308 δείσαντα
498 2272 654 2307 ΑΜΨΕ
755 2267 822 2318 οὐχ
847 2271 970 2307 ΜΨΕ
1086 2274 1107 2306 4
1133 2265 1251 2311 οὐδὲν]
1277 2273 1345 2306 τοῦ
1371 2269 1426 2305 εἰσ
1451 2266 1559 2306 οὐδὲν
1582 2268 1671 2303 ΜΨ

96 2323 243 2370 Ι’ὀξέωσ
268 2328 356 2363 ΜΨ
471 2326 661 2371 *ἐπάξειν1
687 2330 829 2374 aperuit
857 2329 928 2364 Lat
951 2326 1147 2371 ε’πανοῖξαι
1172 2326 1320 2362 Ernesti
1343 2324 1520 2368 ἐπιδεῖξαι
1545 2325 1690 2361 Bekker

97 2380 146 2420 ἄν
169 2394 237 2420 om.
263 2385 296 2419 E
417 2387 436 2418 5
461 2381 643 2426 διάνοιαν]
669 2385 772 2420 codd.
797 2385 869 2420 Lat
895 2380 1083 2421 ἀπόνοιαν
1107 2384 1140 2419 Ε
1267 2379 1582 2429 *κρατυνόμενον
1605 2382 1694 2417 ΜΨ

96 2436 324 2486 ἧγεμονεῑαν
347 2440 376 2475 Ρ
403 2438 470 2487 τὴν
493 2438 698 2487 ἡγεμονίαν
722 2437 802 2487 (τὴν
827 2442 944 2486 suppl.
969 2451 1016 2475 m.
1043 2443 1062 2475 2
1087 2440 1133 2483 A)
1157 2439 1224 2474 AE
1359 2442 1378 2473 6
1403 2435 1490 2475 *διὰ
1516 2434 1576 2480 τὸ]
1599 2438 1624 2472 i.
1649 2448 1761 2483 marg.

95 2509 144 2542 γρ
169 2493 227 2533 διὰ
254 2494 298 2533 τὸ
323 2493 436 2542 μήπω
461 2499 533 2538 (πω
556 2497 580 2530 i.
598 2500 684 2539 ras.)
707 2498 875 2543 καίσαρα
901 2499 1029 2534 δοῦναι
1052 2499 1086 2532 A
1154 2497 1356 2543 *καίσαρα,
1381 2510 1404 2531 α
1429 2494 1538 2530 finale
1553 2495 1577 2530 i.
1594 2505 1665 2530 ras.
1684 2497 1718 2530 A

94 2554 160 2600 καὶ
183 2556 280 2598 (post
304 2550 425 2595 εἷναι)]
451 2563 543 2588 eras.
561 2554 605 2596 A,
631 2563 698 2589 om.
715 2552 838 2587 MWE
931 2557 948 2587 ‘a'
975 2549 1052 2599 τὴν]
1074 2572 1082 2579 ·
1100 2572 1108 2579 ·
1127 2571 1134 2578 ·
1153 2552 1187 2586 A
1212 2565 1252 2588 τε
1278 2552 1311 2586 Ε
1405 2555 1422 2585 ’ἶ
1448 2551 1635 2593 *τιθέναι]
1661 2552 1763 2587 τίθε-

97 2611 199 2652 σθαι,
225 2612 297 2645 εσθ
319 2609 344 2643 i.
368 2619 454 2653 ras„
478 2612 506 2644 θ
529 2620 574 2644 ex
602 2623 619 2643 ι·
643 2620 734 2645 corr.
759 2612 793 2643 A
861 2605 1144 2656 α’χθησομὲνοισ
1168 2609 1201 2643 Ε
1272 2611 1290 2643 8
1315 2605 1544 2654 μετριότητα
1569 2610 1632 2644 καὶ
1660 2603 1764 2644 εὐνο-

95 2665 188 2710 μίαν
212 2665 245 2700 Ε
313 2662 545 2712 *χρήσαιντο
563 2667 596 2700 Α
668 2669 703 2699 11
732 2667 796 2701 καὶ
820 2676 886 2701 om.
904 2665 991 2700 MW
1061 2666 1216 2701 δικαίωσ
1240 2665 1328 2699 ΜΨ
1395 2658 1612 2711 χρήσασθαι
1630 2664 1718 2698 ΜΨ

100 2723 140 2756 13
165 2721 478 2769 προφερομένοισ
501 2721 530 2756 Ρ
555 2718 876 2768 προσφερόμενον
899 2721 1021 2756 AMW
1128 2724 1169 2756 14
1192 2721 1262 2765 μὲν
1286 2731 1353 2756 om.
1377 2720 1502 2755 MWE
1594 2719 1764 2767 προσθή-

97 2812 168 2846 κησ
191 2799 280 2834 ΜΨ
304 2780 522 2847 προσθήκή,
548 2814 568 2836 ν
591 2801 614 2835 i.
640 2810 712 2835 ras.
730 2801 762 2834 A
787 2797 1010 2847 προσθήκην
1033 2800 1066 2834 Ε
1139 2802 1177 2834 15
1202 2796 1417 2846 γεγονότασ
1433 2799 1589 2834 ΑΜΨΕ
1659 2797 1765 2836 *ἐκεῖ

98 2854 138 2889 Μ
246 2859 288 2891 16
312 2857 518 2904 νεωτέροισ
541 2856 581 2892 Μ
686 2860 724 2892 17
751 2857 1032 2904 προησκημένοι
1055 2857 1089 2890 A
1189 2853 1246 2897 οὒ]
1271 2853 1445 2891 εὔτακτοι
1468 2854 1592 2890 AMW
1615 2855 1762 2891 subiecta

97 2916 133 2947 et
156 2910 280 2948 deuoti
300 2913 372 2950 Lat
478 2916 519 2949 21
545 2910 600 2960 δὴ]
625 2916 681 2950 δεῖ
701 2916 751 2954 (εἴ
773 2913 797 2947 i.
821 2923 893 2948 ras.
917 2914 962 2953 A)
987 2912 1109 2948 AMW
1214 2913 1255 2946 22
1281 2914 1349 2948 τοῦ
1374 2908 1478 2958 παρὰ
1502 2914 1547 2948 tr.
1570 2910 1694 2946 AMW

99 2969 142 3002 23
167 2965 214 3004 o'c'v
238 2970 449 3006 συντιθέναι
475 2971 566 3007 coni.
660 2972 704 3004 24
730 2965 970 3016 ὀριγνόμενοι
995 2969 1043 3004 Ψ

173 3038 315 3070 Iosephus
333 3037 381 3065 IV.
1468 3028 1488 3059 9
