2051 3397
606 212 768 256 ANTIQ.
794 212 890 248 IUD.
916 212 1035 249 XVIII
1061 213 1385 250 ARGUMENTA.
1742 213 1822 252 139

277 327 328 370 τὰ
358 326 578 379 συμβάντα
612 326 821 376 Ἰουδαίοις
859 329 904 368 ἰν
932 327 1061 381 Ῥώμῃ
1101 327 1207 370 κατὰ
1246 334 1404 370 τοῦτον
1442 328 1518 370 τὸν
1556 328 1707 380 καιρὸν
1740 327 1824 369 ὑπὸ

162 392 250 428 τῶν
280 387 527 437 Σαμαρέων.

276 445 504 494 κατηγορία
545 438 630 481 ὑπὸ
660 442 896 492 Σαμαρέων
927 439 1115 483 ΙΙιλάτοι
1147 443 1210 482 ἐπὶ
1249 441 1496 484 Οὐιτελλίου
1536 458 1602 482 και
1636 440 1694 491 ὡς
1730 443 1825 485 Θυι-

163 500 326 547 τέλλιος
356 495 592 550 ηνιὶγκασει
623 495 756 538 αυτὸν
787 497 996 550 αἰαβῆιάι
1036 502 1092 548 είς
1115 496 1274 551 ιιΡώμην
1309 496 1442 549 λόγον
1473 504 1561 539 τῶν
1591 501 1824 551 πεπραγμέ-

112 563 132 594 5
161 570 252 597 νων
283 551 577 595 ἀποδώσοντα.

95 843 132 876 10

94 1123 131 1157 15

94 1406 132 1439 20

96 1687 134 1721 25

274 607 459 668 πόλεμος
482 607 675 662 ἾΙρώδου
707 615 785 650 τοῦ
817 608 1049 663 τετράρχου
1080 608 1187 663 πρὸς
1219 610 1384 662 Ἀρέταν
1424 608 1501 651 τὸν
1536 609 1723 662 ,κ’1ριὶβων
1752 616 1825 661 βα-

161 668 276 708 σιλέα
307 670 374 707 καὶ
405 670 519 720 ὴττα.

274 721 332 772 ὡς
354 725 539 775 Τιβέριος
555 729 716 775 Καῖσαρ
734 737 883 775 ιγοατμ
894 739 915 764 ν
937 722 998 766 Oae‘
1002 729 1113 764 ιτελλ
1118 727 1168 778 ίῳ
1188 721 1445 775 Λρταβιὶνην
1459 726 1536 773 μὲν
1553 723 1629 765 τὸν
1647 722 1826 775 Πάρθοι

161 789 300 821 πεῖσαι
331 795 519 846 ομηρους
551 779 668 820 αὐτῶ
699 782 873 830 πέμψαι,
905 778 1011 848 πρὸς
1045 780 1210 851 Ἀρέταν
1241 782 1282 820 δὲ
1315 785 1526 830 πολεμεῖν.

273 835 443 889 τε2ευτὴ
480 841 695 878 (Ιιλίππου
736 841 802 878 καὶ
845 835 904 886 ὡς
940 854 964 889 η
1004 841 1226 889 τετραρχία
1266 835 1402 877 αυτοῦ
1441 838 1617 888 ἐπαρχία
1648 838 1825 888 ι’)ἑιετο.

275 891 502 943 ἀπόπλους
542 892 742 946 Ἀγρίππα
782 897 837 943 {lg
869 891 1029 946 Ῥωμην
1067 897 1137 934 καὶ
1177 891 1235 942 ὡς
1274 898 1580 947 κατηγορηθεὶς
1625 891 1710 934 im)
1747 898 1826 934 τοῦ

161 950 271 991 ἰδίου
303 948 592 1002 ιῖπελευθὲροι
624 951 755 1003 ἐδέθη.

275 1003 327 1047 ὃν
357 1004 523 1058 τρόπον
563 1004 693 1060 ἐλυθη
738 1005 821 1048 υπὸ
860 1009 989 1048 Γαΐου
1027 1004 1130 1055 μετὰ
1168 1004 1244 1059 τὴν
1289 1010 1479 1058 Τιβερίου
1517 1004 1716 1058 τελευτὴν
1757 1010 1827 1047 καὶ

162 1062 326 1114 ἐγένετο
356 1061 553 1113 βασιλεὺς
585 1069 657 1116 τῆς
694 1068 908 1105 Φιλίππου
938 1067 1192 1115 τετραρχίας.

275 1118 333 1169 ὡς
355 1117 544 1173 ΙΙρωδης
576 1118 738 1170 α’ναβὰς
769 1136 825 1169 εις
849 1117 1007 1172 Ῥώμην
1039 1121 1251 1172 ἐξωρίσθη
1281 1122 1350 1160 καὶ
1383 1117 1441 1169 ὡς
1471 1117 1548 1172 τὴν
1578 1123 1827 1172 τετραρχίαν

162 1173 299 1218 αυτοῦ
330 1174 572 1241 ι-δωρησατο
604 1175 726 1226 Γάιος
757 1176 968 1230 Ἀγρίππᾳ.

276 1230 419 1283 στάσις
450 1239 538 1274 τῶν
569 1235 614 1274 ἐι
647 1232 931 1286 ’1λεξαιδρείςι
964 1231 1175 1276 Ἰουδαίων
1205 1237 1276 1274 καὶ
1299 1229 1514 1286 Ἑλλήνων
1538 1237 1607 1274 καὶ
1630 1237 1826 1285 πρεσβεία

161 1287 244 1340 ἀφ’
275 1291 486 1342 ἑκατέρων
517 1306 625 1342 προς
656 1288 793 1332 Γιὶιον.

276 1351 506 1399 κατηγορία
538 1346 748 1389 Ἰουδαίων
782 1344 855 1387 ἰπὶ
887 1345 1089 1396 Ῐ1πί·ωιος
1118 1349 1188 1387 καὶ
1217 1351 1306 1387 τῶν
1335 1348 1639 1399 συμπρέσβεων
1670 1347 1734 1387 ἐπι
1767 1350 1829 1400 τῷ

160 1399 216 1455 μὴ
248 1402 354 1454 ἔχειν
385 1408 597 1455 Καίσαρος
629 1401 871 1455 αἰδριιὲντα.

277 1458 336 1509 ὡς
357 1459 410 1511 α’γ
413 1458 653 1514 ανακτήσας
670 1458 792 1509 1αἰος
809 1461 958 1508 πέμπει
975 1457 1221 1511 Πετρωνιοι
1244 1476 1293 1511 η]
1296 1458 1397 1528 &lw'ff'
1401 1476 1426 1500 α
1448 1463 1504 1509 εἰς
1520 1464 1685 1511 Συριαι
1706 1465 1829 1500 πολε-

161 1528 289 1568 μησαι
312 1515 550 1568 Ἰουδαίους,
583 1515 656 1558 ἐὰν
685 1515 741 1569 μὴ
771 1514 1011 1569 θελησωσιι
1034 1518 1295 1566 εἰσδέξασθαι
1327 1515 1462 1557 αυτοῦ
1482 1533 1559 1557 τον
1581 1514 1732 1568 αἰδριιὲ
1722 1532 1824 1557 ντα.

277 1589 353 1626 την
385 1578 607 1623 συμβᾶσαν
639 1570 813 1625 φθορὰν
843 1582 934 1622 τοῖς
965 1574 1009 1614 ἐν
1030 1577 1258 1623 Βαβυλῶνι
1292 1572 1502 1622 Ἰουδαίοις
1533 1572 1594 1614 δι’
1621 1572 1829 1614 Ἀσιναῖον

163 1632 233 1670 καὶ
266 1628 476 1672 Ἀνιλαῖον
506 1628 608 1680 τοὺς
640 1627 861 1680 ἀδελφούς.

571 1689 747 1739 περιέχει
779 1685 803 1738 ἡ
832 1690 982 1736 βίβλος
1008 1683 1172 1738 χρόνον
1203 1687 1313 1727 ἐτῶν
1343 1683 1420 1736 λβ’.

279 1850 506 1886 PAMWLat

282 1910 297 1943 1
323 1903 398 1944 ὑπὸ
425 1910 503 1943 τῶν
528 1907 757 1954 Σαμαρέων]
783 1903 887 1954 παρὰ
912 1909 981 1953 τῆσ
1005 1905 1046 1943 ἐν
1069 1909 1260 1954 σαμαρεία
1284 1910 1544 1954 καταφθορᾶσ
1568 1911 1636 1945 τοῦ
1660 1907 1832 1956 πλήθουσ

162 1965 227 1999 καὶ
251 1959 306 2000 ὡσ
330 1961 501 2001 πολλοὺσ
525 1959 697 2001 ἀπώλεσε
723 1962 886 2000 πιλάτοσ
909 1963 1106 1999 AMWLat
1199 1967 1218 1998 3
1244 1965 1472 2010 σαμαραίων
1494 1965 1523 2000 P
1622 1968 1832 2004 ϊουτελλίοι·

163 2019 275 2054 PAW
343 2022 408 2056 καὶ
425 2031 494 2056 om.
511 2019 708 2056 AMWLat
723 2031 857 2056 nouum
875 2022 986 2066 caput
1003 2020 1185 2056 ordientes
1247 2021 1458 2058 ἳουτέλλιοσ
1474 2021 1553 2056 PW
1615 2025 1636 2057 4
1654 2021 1772 2069 λόγον
1790 2043 1830 2048 -

166 2078 186 2110 5
211 2071 476 2119 ἀποδώσοντα]
509 2073 613 2123 πρὸσ
643 2077 812 2124 καίσαρα
843 2079 907 2113 καὶ
940 2072 1150 2114 ἀποδοῦναι
1180 2074 1299 2123 λόγον
1328 2079 1415 2125 περὶ
1447 2081 1525 2114 τῶν
1555 2079 1834 2126 πεπραγμένων

165 2131 361 2197 ‘AMWLat
430 2136 449 2167 5
477 2128 686 2170 οὖϊτελλίου
710 2129 769 2176 (ου
793 2133 1006 2170 ἰουτελ2ίου
1020 2132 1080 2198 W)
1106 2129 1299 2180 α’νάβασισ
1323 2131 1381 2170 εἰσ
1404 2132 1637 2182 ιεροσόλυμα
1660 2138 1724 2171 καὶ
1748 2134 1833 2183 τιμὴ

166 2183 241 2223 ὕπὸ
259 2189 327 2224 τοῦ
343 2190 438 2224 λαοῦ
460 2191 523 2225 καὶ
541 2185 598 2225 ὦσ
620 2188 682 2226 ἐπὶ
706 2187 862 2227 τούτοισ
885 2187 1158 2236 παρεχώρησεν
1182 2185 1317 2226 αυτοῖσ
1340 2190 1409 2236 τὴν
1432 2188 1539 2237 ιερὰν
1563 2188 1701 2238 στο2ὴν
1724 2190 1767 2228 ἐν
1790 2195 1836 2238 τῆ

168 2237 333 2279 αντωνία
356 2244 529 2291 κειμένην
550 2241 626 2282 υπό
651 2249 697 2292 τῆ
721 2245 905 2292 ῥωμαίων
927 2245 1081 2289 ἐξουσία
1096 2242 1166 2292 υφ’
1184 2252 1318 2282 αυτοῖσ
1335 2245 1503 2286 (ἐαυτοῖσ
1520 2243 1649 2290 MW)’
1637 2260 1735 2293 εχειν
1752 2250 1836 2292 post

170 2295 420 2335 ἀποδώσοντα
445 2301 528 2335 add.
554 2301 748 2338 AMWLat
815 2305 835 2337 6
860 2301 1030 2348 πόλεμος
1052 2322 1098 2328 -
1123 2306 1140 2337 7
1166 2295 1259 2348 ἧττα
1283 2305 1367 2347 post
1389 2301 1539 2349 ἐγένετο
1564 2315 1600 2338 ιι.
1628 2307 1667 2338 10
1684 2307 1728 2339 tr.
1746 2304 1836 2340 MW

168 2355 207 2390 in
222 2354 294 2390 Lat
310 2356 607 2392 antecedentibus
633 2359 804 2395 continuo
828 2360 1003 2395 adiuncta
1025 2362 1112 2395 sunt
1202 2356 1284 2402 τὸν]
1309 2362 1398 2402 τῶν,
1423 2374 1453 2396 ω
1478 2371 1524 2395 ex
1549 2373 1569 2396 ο
1595 2371 1688 2396 corr.
1713 2360 1741 2395 P
1766 2358 1837 2397 τὸν

170 2413 249 2447 τῶν
271 2411 360 2446 MW
443 2415 462 2447 8
487 2415 682 2451 ἰουτελλίω
706 2415 736 2449 P
806 2419 886 2452 τῶν
908 2414 1073 2464 πάρθων
1095 2415 1143 2451 W
1224 2419 1244 2451 9
1270 2415 1435 2463 πέμψειν
1456 2416 1486 2451 P
1564 2420 1604 2451 10
1631 2419 1835 2460 Φιλίππου]

171 2468 358 2514 φιλίππου
374 2470 444 2505 τοῦ
467 2466 679 2516 τετράρχου
695 2471 891 2508 AMWLat
959 2473 1004 2508 de
1027 2472 1187 2518 baptista
1210 2470 1367 2507 iohanne
1390 2475 1474 2518 post
1495 2471 1646 2518 ἐγένετο
1665 2474 1747 2509 add.
1764 2474 1838 2509 Lat

170 2534 319 2559 numero
336 2534 410 2559 non
432 2524 575 2560 adiecto
665 2529 700 2560 11
728 2523 923 2574 Ἀγρίππα]
948 2525 1124 2576 ἇγρίππα
1148 2531 1219 2565 τοῦ
1241 2529 1434 2576 βασιλέωσ
1457 2529 1653 2565 AMWLat
1732 2527 1838 2577 πρὸσ

171 2580 342 2628 τιβέριον
364 2582 535 2628 καίσαρα
558 2585 643 2627 post
659 2579 801 2630 Ῥώμην
824 2584 909 2619 add.
933 2585 1130 2621 AMWLat
1200 2588 1241 2620 12
1266 2585 1362 2621 ι’λιόυ
1384 2586 1414 2621 Ρ
1483 2581 1743 2632 α’πελευθέρου
1766 2597 1835 2622 οιιι.

171 2636 201 2672 P
296 2633 341 2674 ὃν
366 2635 516 2685 τρόπον
538 2658 584 2664 --
608 2642 651 2673 14
668 2642 893 2687 τετραρχίας
917 2652 985 2676 οιιι.
1002 2641 1075 2676 Lat
1165 2639 1292 2678 ἐλύθει
1307 2641 1335 2676 Ρ
1430 2646 1470 2677 15
1490 2640 1664 2689 Ἡρώδης]
1687 2639 1838 2690 ἧρώδησ

171 2689 351 2741 (ἧρωίδησ
366 2695 413 2736 Α)
430 2691 644 2741 τετριὲρχησ
661 2695 855 2732 AMWLat
944 2695 1124 2744 ἐξορίσθη
1139 2697 1168 2732 Ρ
1259 2701 1540 2745 κατηγορηθεὶσ
1560 2696 1636 2736 ὑπὸ
1662 2696 1838 2747 αγρίππα

171 2752 258 2786 ante
279 2747 470 2798 ἐξωρίσθη
494 2751 578 2786 add.
603 2751 799 2787 AMWLat
892 2755 933 2788 19
957 2754 1118 2800 appione
1141 2753 1214 2789 Lat
1291 2751 1561 2802 σὺνπρέσβεων
1583 2756 1613 2791 P
1637 2756 1839 2804 πρέσβεων

171 2805 260 2841 MW
375 2809 415 2842 21
443 2804 535 2845 δοὺσ
557 2805 721 2845 ἐντολὰσ
745 2807 1010 2856 συναγαγόντα
1035 2807 1189 2855 δύναμιν
1211 2813 1296 2855 post
1320 2811 1467 2857 Συρίαν
1491 2812 1572 2848 add.
1597 2812 1794 2849 AMWLat

173 2863 217 2896 22
240 2857 452 2907 Ἰουδαίους]
475 2865 500 2900 i.
517 2876 628 2909 marg.
653 2879 701 2913 γρ
726 2865 910 2902 ἰουδαίοισ
932 2866 966 2900 A
1034 2866 1176 2903 θέλωσι
1197 2866 1322 2902 AMW
1392 2866 1569 2910 δέξασθαι
1593 2867 1643 2903 W
1712 2871 1754 2904 23
1779 2865 1837 2906 διὰ

175 2918 323 2954 σίναιον
339 2919 462 2955 AMW
476 2932 545 2968 per
562 2921 770 2957 obsinaeum
786 2921 858 2957 Lat
927 2924 971 2957 24
982 2919 1181 2965 Ἀνιλαῖον]
1198 2918 1371 2960 ἀνείδεον
1386 2923 1415 2958 Ρ
1440 2920 1610 2961 ἄνι’δαιον
1625 2925 1659 2958 A
1683 2925 1838 2961 anileum

175 2974 247 3010 Lat
337 2978 380 3011 25
403 2978 514 3013 rubro
536 2978 575 3013 in
590 2988 702 3022 marg.
719 2978 768 3013 W
859 2977 880 3025 ἡ
903 2979 1052 3026 βίβλος]
1080 2974 1100 3015 ὃ
1125 2975 1262 3025 παρὼν
1285 2977 1407 3026 λόγοσ
1432 2980 1478 3015 W
