2074 3392
305 220 386 258 230
745 220 906 265 ANTIQ.
932 220 1028 258 IUD.
1052 220 1140 256 XIX
1168 225 1343 258 111—117
1369 225 1404 263 (ι.
1421 230 1470 256 14.
1490 227 1542 267 15)

301 335 426 391 ἔργον
458 330 589 390 αὐτῷ,
622 329 722 376 ἀλλ’
758 324 834 376 οὖν
865 333 1043 389 πρῶτός
1071 351 1119 377 τε
1150 334 1407 393 ἐνεθυμήθη
1445 333 1560 380 εἶναι
1589 339 1741 391 μέντοι
1775 334 1894 380 αὗτῶ
1923 339 1974 391 ὃς

191 404 270 443 112
302 401 541 458 προλαβών
573 400 688 444 πολὺ
719 403 808 443 τιῖν
839 398 1072 454 ἁπάντων,
1110 405 1185 446 καὶ
1222 405 1402 457 πρῶτος
1431 404 1510 458 μὲν
1540 405 1770 461 τολμηρῶς
1801 405 1972 456 ἐξεῖπεν
1994 441 2002 446 .

299 479 394 520 τοῖς
424 471 623 522 λοιποῖς,
665 469 909 523 δεχομένων
950 469 998 511 δὲ
1036 467 1113 512 τὸν
1150 468 1227 512 ἐπὶ
1255 472 1319 526 τῷ
1349 471 1474 528 φόνῳ
1506 470 1634 527 λόγον
1667 473 1898 528 σποράδας
1924 491 1974 518 τε

300 535 515 593 ἤθροισεν
546 540 618 581 καὶ
648 536 704 579 τὰ
734 536 885 580 πάντα
924 540 1153 594 φρονίμως
1192 534 1488 594 συγκροτήσας
1522 538 1637 582 ἔνθα
1665 543 1850 595 γνωμῶν
1881 540 1973 584 εἷσ-

305 605 499 662 ηγήσεως
522 605 647 661 ἐχρῆν
669 604 784 647 πολὺ
811 609 1027 660 κρείσσων
1053 603 1243 660 ἐγίγνετο
1273 607 1348 648 καὶ
1369 605 1516 662 λόγοις
1535 608 1852 665 καθωμίλησεν
1870 625 1974 666 χρη·
1999 617 2020 652 ⁵

191 675 270 714 113
305 682 428 724 στοῖς
457 670 518 723 (ὗς
549 670 598 716 οἱ·
630 674 889 727 τολμῶντας
918 668 1161 728 ἠνάγκασέν
1191 688 1240 715 τε
1259 671 1362 723 τοὺς
1384 674 1599 726 ἅπαντας,
1633 673 1800 718 ἐπείτε
1822 675 1974 732 καιρὸς

303 740 546 796 ἐλάμβανεν
575 742 689 796 χειρὶ
717 740 990 796 χρήσασθαι,
1022 743 1233 796 φαίνεται
1253 735 1486 783 κάνταῦθα
1507 741 1687 796 πρῶτός
1707 759 1755 786 τε
1776 740 1975 801 ὁρμήσας

301 810 374 851 καὶ
407 806 638 863 ἁψάμενος
670 803 803 864 ἆρετῇ
833 809 911 850 τοῦ
943 806 1083 864 φόνου
1113 808 1186 850 καὶ
1218 816 1312 858 τοῖς
1350 805 1501 859 ἄλλοις
1532 805 1797 864 εὐεπίβατον
1825 827 1975 867 παρα-

302 875 416 929 σχών
455 878 529 919 καὶ
568 877 886 931 προτεθνεῶτα
918 874 1075 927 Γάιον,
1119 869 1227 917 ὥστ’
1273 868 1325 917 ἂν
1366 875 1546 927 δικαίως
1584 878 1658 920 καὶ
1699 874 1851 920 ὁπόσα
1879 887 1976 929 τοῖς

302 945 479 994 λοιποῖς
511 943 578 1000 εἴη
610 945 903 998 πεπραγμένα
931 944 985 999 τῇ
1016 945 1214 997 Χαιρέου
1250 941 1399 1000 γνώμῃ
1439 959 1487 986 τε
1517 945 1590 987 καὶ
1622 940 1754 1002 ἅρετῃ
1784 949 1974 1001 προστί-
1999 939 2047 994 D'

301 1014 478 1054 θεσθαι
507 1013 580 1054 καὶ
611 1010 738 1067 πόνῳ
768 1012 856 1053 τῶν
883 1011 1055 1064 χειρῶν.
2044 1010 2046 1020 “

191 1081 271 1120 114
419 1084 484 1122 15.
547 1081 635 1122 Καὶ
669 1078 805 1128 Γάιος
834 1078 914 1133 μὲν
943 1077 1133 1133 τοιούτῳ
1163 1076 1319 1133 τρόπῳ
1356 1077 1630 1135 χρησάμενος
1659 1081 1738 1136 τῆς
1771 1081 1976 1138 τελευτῆς

193 1149 272 1188 115
303 1145 392 1190 ὑπὸ
433 1148 512 1190 τοῦ
551 1147 720 1189 πολλοι
759 1148 845 1188 τῶν
885 1145 1147 1201 τραυμάτων
1187 1140 1519 1200 ἂποψυχθεὶς’
1507 1145 1659 1189 έκειτο.
1720 1148 1763 1190 οἱ
1792 1148 1840 1191 δὲ
1868 1151 2017 1229 περὶ
2010 1192 2014 1194 .

300 1214 377 1258 τὸν
408 1217 611 1269 Χαιρέαν
643 1213 795 1270 ἐπειδὴ
830 1218 1118 1269 κατείργαστο
1152 1208 1303 1263 αἰτοῖς
1332 1209 1414 1270 ἢδη
1448 1213 1596 1266 Γάιος,
1627 1211 1758 1266 ὁδους
1786 1215 1866 1270 μὲν
1895 1215 2015 1268 τὰς·

303 1279 438 1333 αυτὰς
470 1282 612 1332 ἰόντες
643 1281 798 1333 σώζειν
830 1279 988 1332 αὖτους
1020 1276 1244 1338 ἀμήχανον
1275 1280 1438 1335 ἑώρων,
1470 1277 1584 1338 ὅκνω
1614 1298 1664 1325 τε
1691 1285 1780 1325 τῶν
1798 1283 1976 1340 γεγονό-
1997 1284 2036 1332 Β

301 1367 403 1400 των,
438 1346 486 1393 οἰ
518 1349 601 1406 γὰρ
632 1348 789 1405 μικρὸν
818 1347 871 1406 ἦν
900 1348 978 1391 τὸν
1011 1345 1312 1405 αὐτοκράτορα
1351 1345 1589 1406 ἀνῃρηκόσι
1625 1348 1676 1393 τὸ
1714 1351 1976 1406 κινδύνευμα
2014 1375 2019 1380 ·

301 1416 390 1461 ὗπό
431 1434 478 1461 τε
519 1414 674 1468 ἀνοίας
709 1420 787 1460 τοῦ
826 1384 965 1475 δήμου
1005 1416 1254 1471 τιμώμενον
1283 1419 1357 1460 καὶ
1388 1414 1496 1459 ὄντα
1525 1418 1757 1477 προσφιλῆ
1785 1420 1859 1462 καὶ
1888 1421 1976 1463 τῶν

195 1487 273 1527 116
308 1488 592 1541 στρατιωτῶν
623 1485 681 1542 μὴ
715 1482 935 1540 ἀναιμωτὶ
967 1487 1278 1542 ποιησομένων
1308 1482 1386 1541 τὴν
1428 1484 1605 1542 ζήτησιν
1637 1481 1792 1539 αὐτοῦ,
1833 1482 1978 1537 ἄλλως
2008 1531 2010 1533 ,

300 1571 349 1596 τε
379 1556 543 1597 στενῶν
576 1549 719 1596 οὐσῶν
749 1556 838 1596 τῶν
868 1551 998 1606 ὁδῶν,
1030 1549 1140 1596 καθ’
1177 1551 1228 1603 ἃς
1259 1551 1456 1606 ἔπραξαν
1485 1551 1535 1596 τὸ
1570 1552 1707 1609 ἔργον,
1738 1555 1812 1597 καὶ
1841 1553 1976 1610 μεγά·

303 1623 379 1664 λου
411 1621 619 1678 πλήθους
650 1621 959 1679 ἐμφράξαντος
991 1617 1126 1671 αὗτὰς
1157 1623 1233 1677 τῆς
1262 1636 1310 1663 τε
1331 1623 1583 1675 θεραπείας
1603 1622 1676 1664 καὶ
1703 1618 1870 1665 ὁπόσοι
1889 1623 1976 1665 τῶν
1996 1627 2036 1666 D

303 1691 585 1743 στρατιωτῶν
625 1688 699 1733 ἐπὶ
742 1691 915 1747 φυλακῇ
952 1692 1031 1733 τοῦ
1072 1685 1396 1743 αὐτοκράτορος
1441 1687 1606 1746 ἐκείνην
1650 1690 1858 1746 παρῆσαν
1896 1687 1976 1746 τὴν

193 1759 272 1798 117
303 1755 489 1815 ἡμέραν,
531 1755 662 1808 ὁδούς
696 1775 744 1801 τε
781 1757 933 1814 ἑτέρας
974 1759 1216 1811 χωροῦντες
1255 1758 1463 1812 παρῆσαν
1503 1755 1565 1807 εἷς
1595 1755 1673 1814 τὴν
1706 1759 1977 1813 Γερμανικοῦ

302 1826 381 1880 μὲν
414 1825 556 1869 οἰκίαν
585 1828 664 1868 τοῦ
695 1827 833 1869 Γαΐου
864 1824 1055 1879 πατρός,
1100 1823 1149 1867 ὂν
1180 1823 1281 1867 τότε
1318 1820 1607 1882 ἀνῃρήκεσαν,
1650 1828 1896 1882 συνημμένη
1929 1825 1977 1869 δὲ

305 1893 457 1949 ἐκείνη,
493 1892 566 1935 διὰ
597 1892 646 1935 τὸ
681 1894 726 1937 ἓν
756 1893 805 1936 τὸ
837 1893 1066 1948 βασίλειον
1101 1910 1151 1934 ον
1183 1887 1260 1933 εἴτ’
1297 1891 1574 1946 οἰκοδομίαις
1605 1890 1789 1935 εκάστου
1823 1895 1910 1935 τῶν
1931 1891 1977 1935 ἐν

302 1964 355 2018 τῇ
396 1959 608 2019 ι99νεμονίτ9ε
645 1961 888 2017 9εγονότων
921 1956 1116 2017 ἀσκηθὲν
1149 1954 1239 2001 άπὸ
1281 1962 1440 2014 μέροις
1471 1955 1657 2012 ὄιόματι
1687 1961 1774 2002 τῶν
1805 1959 1976 2003 οἷκοδο-
2003 1967 2048 2004 δὲ

303 2033 629 2119 μηθησοιιένων
659 2046 684 2084 η
717 2033 790 2071 καί
819 2046 864 2072 τι
892 2031 980 2071 τῶν
1010 2026 1183 2085 ημερων
1219 2026 1411 2083 οἰκησεις
1443 2023 1668 2083 ἀρξάντων
1703 2026 1781 2083 τὴν
1804 2026 1975 2070 ἕπωνι-
2043 2020 2047 2030 ’

417 2151 576 2186 AMWE
586 2151 658 2186 Lat

420 2212 430 2242 1
464 2205 557 2244 εἶναι
575 2227 619 2233 -
645 2210 664 2241 2
690 2203 798 2247 πολὺ]
825 2220 918 2243 ειναι
943 2207 1072 2251 μέντοι
1099 2202 1192 2242 αὐτὸ
1221 2202 1278 2241 ὥσ
1302 2206 1493 2251 πραχθείη
1517 2208 1750 2252 προυλαβεῖν
1774 2202 1882 2248 πολὺ,
1905 2205 1974 2242 litt.

303 2278 362 2301 τοι
389 2259 481 2301 αὐτὸ
508 2284 551 2290 -
577 2277 677 2309 πρου
697 2264 720 2297 i.
737 2273 808 2298 ras.
826 2274 872 2298 m.
892 2265 923 2306 2,
948 2264 1017 2298 litt.
1037 2276 1072 2298 ιν
1089 2276 1116 2298 π
1132 2262 1156 2298 i.
1174 2273 1245 2298 ras.
1263 2273 1309 2297 m.
1332 2266 1345 2297 1
1366 2263 1400 2296 A
1424 2265 1580 2298 τοιαῦτα
1606 2258 1658 2304 ὦς
1675 2263 1866 2309 πραχθείη
1883 2275 1975 2310 προ·

303 2318 434 2368 λαβὼν
459 2317 556 2357 πολὺ
581 2321 636 2355 ed.
662 2331 717 2365 pr.
813 2323 831 2353 5
857 2318 1000 2366 ἐγίνετο
1027 2319 1115 2354 MW
1209 2319 1472 2364 *καθομίλησε
1497 2318 1544 2352 W
1621 2321 1641 2353 6
1667 2314 1818 2355 πάντασ
1842 2318 1932 2355 MW
1990 2362 1995 2366 9

305 2381 323 2411 7
348 2381 514 2424 χρῆσθαι
538 2378 578 2413 Μ
650 2380 669 2411 8
694 2371 823 2423 α’ρετῇ]
849 2372 946 2423 ἀρχῇ
971 2375 1124 2410 Hudson
1206 2379 1225 2409 9
1252 2369 1351 2412 ὥστε
1376 2375 1463 2409 MW
1544 2379 1581 2410 10
1608 2377 1677 2412 τοῦ
1702 2375 1883 2423 Χαιρέου]
1908 2376 1977 2413 τοῦ

301 2434 438 2480 χαιρέα
456 2433 503 2467 W
528 2436 582 2469 τῶ
604 2433 739 2479 χαιρέα
757 2433 795 2467 Μ
870 2436 908 2467 14
934 2430 1001 2475 τὰς
1018 2429 1146 2474 αὐτὰς]
1165 2433 1317 2468 Hudson
1335 2429 1528 2468 τοσαύτασ
1546 2432 1650 2467 codd.
1670 2431 1703 2466 Ε
1719 2431 1843 2467 eadem
1861 2431 1932 2468 Lat

308 2495 347 2525 15
374 2488 545 2535 *σώιζειν
569 2492 602 2524 A
696 2485 866 2526 *αι’-τοὺσ
891 2489 996 2525 codd.
1103 2492 1142 2524 16
1167 2486 1237 2525 τὸν
1261 2499 1329 2524 om.
1356 2489 1389 2523 E
1482 2491 1523 2523 20
1548 2486 1845 2535 *ἐμφράξαντασ
1868 2488 1908 2524 Μ

304 2550 370 2592 τῆς
395 2560 433 2583 τε
460 2547 673 2592 θεραπείας
697 2556 766 2581 om.
791 2546 863 2581 Lat
933 2559 973 2582 τε
998 2557 1064 2581 om.
1090 2546 1178 2581 MW
1250 2548 1291 2580 22
1318 2549 1370 2587 τε]
1396 2559 1437 2592 γε
1462 2547 1495 2580 A
1519 2545 1558 2582 δέ
1581 2558 1624 2592 γε
1650 2545 1683 2580 Ε
1775 2547 1817 2580 23
1843 2556 1974 2592 συνημ-

304 2603 396 2650 μένη
419 2624 465 2629 -
490 2607 568 2647 231,
594 2606 613 2637 2
640 2597 748 2648 ἦσαν]
774 2609 853 2638 crat
877 2603 970 2637 enim
996 2601 1085 2637 lmec
1110 2602 1238 2637 domus
1263 2602 1455 2638 coniuncta
1478 2602 1662 2648 reqalibus
1685 2612 1727 2637 eo
1745 2601 1844 2647 quod
1859 2600 1897 2636 lu·
1911 2600 1974 2648 qui

303 2661 341 2695 in
367 2660 561 2695 eminentia
586 2659 773 2694 constituti
797 2665 881 2694 sunt
906 2659 1031 2694 (liebus
1052 2670 1140 2693 succe
1158 2660 1347 2705 polentiae
1371 2658 1406 2692 in
1432 2658 1564 2693 talibus
1580 2657 1746 2693 habitare
1762 2662 1972 2694 noscuntur.

303 2722 337 2752 et
370 2716 595 2751 declinantes
627 2715 870 2750 multitudinis
903 2717 1127 2750 {mulsionem
1160 2726 1236 2750 csse
1269 2716 1339 2749 iam
1366 2714 1581 2749 uidebantur
1604 2714 1640 2748 in
1666 2715 1790 2759 requie
1813 2714 1887 2750 Lat

305 2773 526 2819 συνημμένη,
550 2773 619 2808 litt.
647 2785 763 2818 συνημ
788 2772 812 2806 i.
839 2782 909 2807 ras.
928 2772 1135 2816 angustiore
1152 2783 1197 2806 m.
1220 2775 1231 2806 1
1253 2773 1286 2806 A
1357 2770 1588 2817 συνημμένην
1610 2771 1647 2807 δὲ
1665 2769 1811 2817 ἐκείνην
1830 2770 1975 2807 Bokkor

307 2829 539 2876 συνημμένην
563 2829 600 2866 δὲ
626 2827 751 2874 ἐκείνῃ
777 2828 848 2863 Lat
871 2831 970 2864 recte
996 2831 1035 2863 ut
1061 2828 1146 2866 uid..
1171 2838 1385 2872 quamquam
1409 2829 1499 2863 haee
1523 2828 1684 2871 grauiter
1701 2830 1874 2872 corrupta
1889 2828 1974 2863 sunt

420 2889 462 2920 24
480 2884 770 2929 ἐποικοδομίαισ
786 2886 819 2920 Α
837 2883 1107 2928 ἐποικοδομαῖς
1125 2884 1316 2920 Holworda
1379 2887 1420 2918 25
1438 2883 1646 2930 γεγονότος
1664 2884 1757 2918 coni.
1829 2883 1972 2920 οἰκοδο·

305 2942 531 2988 μησαμένων
556 2943 610 2977 ed.
636 2953 691 2987 pr.
776 2945 818 2975 245
844 2944 921 2977 τῶν
947 2952 1012 2976 om.
1038 2941 1093 2975 ed.
1111 2952 1166 2985 pr.
1244 2938 1404 2986 ἡμερῶν]
1430 2938 1622 2986 ἡμετέρων
1647 2940 1735 2975 MW
1759 2943 1796 2975 et
1819 2940 1842 2975 i.
1862 2950 1971 2986 marg.

306 3000 338 3033 A
363 3000 491 3043 μερῶν
515 2999 571 3033 ed.
597 3010 650 3043 pr.
746 2995 892 3043 οἷ’κησισ
918 2997 1002 3032 MW
1031 2996 1213 3042 οἰκήσεως
1237 2997 1293 3031 ed.
1320 3007 1373 3040 pr.
1467 2995 1677 3040 ἐπονυμίαν
1702 2995 1749 3030 W
