<?xml version="1.0" encoding="UTF-8"?>
<!DOCTYPE html PUBLIC "-//W3C//DTD XHTML 1.0 Transitional//EN"
    "http://www.w3.org/TR/xhtml1/DTD/xhtml1-transitional.dtd">
<html xmlns="http://www.w3.org/1999/xhtml" xml:lang="en" lang="en">
 <head>
  <title>
</title>
<meta http-equiv="Content-Type" content="text/html;charset=utf-8" />
  <meta name='ocr-system' content='tesseract 3.04.00' />
  <meta name='ocr-capabilities' content='ocr_page ocr_carea ocr_par ocr_line ocrx_word'/>
</head>
<body>
  <div class='ocr_page' id='page_1' title='image "./operajosephus04joseuoft_0132.png"; bbox 0 0 2074 3392; ppageno 0'>
   <div class='ocr_carea' id='block_1_1' title="bbox 122 428 204 468">
    <p class='ocr_par' dir='ltr' id='par_1_1' title="bbox 122 428 204 468">
     <span class='ocr_line' id='line_1_1' title="bbox 122 428 204 468; baseline 0.012 -1"><span class='ocrx_word' id='word_1_1' title='bbox 122 428 204 468; x_wconf 84' lang='lat'><strong><em>254</em></strong></span> 
     </span>
    </p>
   </div>
   <div class='ocr_carea' id='block_1_2' title="bbox 123 903 205 943">
    <p class='ocr_par' dir='ltr' id='par_1_2' title="bbox 123 903 205 943">
     <span class='ocr_line' id='line_1_2' title="bbox 123 903 205 943; baseline 0.012 -1"><span class='ocrx_word' id='word_1_2' title='bbox 123 903 205 943; x_wconf 81' lang='lat'><strong><em>255</em></strong></span> 
     </span>
    </p>
   </div>
   <div class='ocr_carea' id='block_1_3' title="bbox 123 1302 259 1349">
    <p class='ocr_par' dir='ltr' id='par_1_3' title="bbox 123 1302 259 1349">
     <span class='ocr_line' id='line_1_3' title="bbox 123 1302 259 1349; baseline 0.007 -1"><span class='ocrx_word' id='word_1_3' title='bbox 123 1309 204 1349; x_wconf 84' lang='lat'><strong><em>256</em></strong></span> <span class='ocrx_word' id='word_1_4' title='bbox 249 1302 259 1317; x_wconf 81' lang='lat'><em>&#39;</em></span> 
     </span>
    </p>
   </div>
   <div class='ocr_carea' id='block_1_4' title="bbox 238 177 1463 221">
    <p class='ocr_par' dir='ltr' id='par_1_4' title="bbox 238 177 1463 221">
     <span class='ocr_line' id='line_1_4' title="bbox 238 177 1463 221; baseline -0.005 -6"><span class='ocrx_word' id='word_1_5' title='bbox 238 177 318 215; x_wconf 87' lang='lat'><strong><em>118</em></strong></span> <span class='ocrx_word' id='word_1_6' title='bbox 685 177 845 221; x_wconf 81' lang='lat' dir='ltr'><strong>ANT1Q.</strong></span> <span class='ocrx_word' id='word_1_7' title='bbox 870 177 967 212; x_wconf 91' lang='lat' dir='ltr'>IUD.</span> <span class='ocrx_word' id='word_1_8' title='bbox 993 177 1099 212; x_wconf 90' lang='lat' dir='ltr'><strong>XVII</strong></span> <span class='ocrx_word' id='word_1_9' title='bbox 1122 179 1302 214; x_wconf 81' lang='lat'>253—256</span> <span class='ocrx_word' id='word_1_10' title='bbox 1326 181 1370 220; x_wconf 73' lang='lat' dir='ltr'><strong><em>(X.</em></strong></span> <span class='ocrx_word' id='word_1_11' title='bbox 1388 185 1414 210; x_wconf 91' lang='lat'><strong><em>1.</em></strong></span> <span class='ocrx_word' id='word_1_12' title='bbox 1431 181 1463 221; x_wconf 79' lang='lat'><strong><em>2)</em></strong></span> 
     </span>
    </p>
   </div>
   <div class='ocr_carea' id='block_1_5' title="bbox 231 285 1970 1703">
    <p class='ocr_par' dir='ltr' id='par_1_5' title="bbox 234 285 1905 414">
     <span class='ocr_line' id='line_1_5' title="bbox 234 285 1905 351; baseline 0.001 -17"><span class='ocrx_word' id='word_1_13' title='bbox 234 292 307 334; x_wconf 83' lang='grc' dir='ltr'><strong><em>καὶ</em></strong></span> <span class='ocrx_word' id='word_1_14' title='bbox 346 293 435 333; x_wconf 80' lang='grc' dir='ltr'><strong><em>τῶν</em></strong></span> <span class='ocrx_word' id='word_1_15' title='bbox 473 291 716 344; x_wconf 77' lang='grc' dir='ltr'><strong><em>βασιλικῶν</em></strong></span> <span class='ocrx_word' id='word_1_16' title='bbox 753 289 988 347; x_wconf 84' lang='grc' dir='ltr'><strong><em>χρημάτων</em></strong></span> <span class='ocrx_word' id='word_1_17' title='bbox 1030 285 1104 332; x_wconf 78' lang='grc' dir='ltr'><strong><em>ἐπ</em></strong></span> <span class='ocrx_word' id='word_1_18' title='bbox 1150 289 1297 347; x_wconf 76' lang='grc' dir='ltr'><strong><em>ἐρεύνῃ</em></strong></span> <span class='ocrx_word' id='word_1_19' title='bbox 1337 290 1586 348; x_wconf 77' lang='grc' dir='ltr'><em>προθύμως</em></span> <span class='ocrx_word' id='word_1_20' title='bbox 1617 291 1792 349; x_wconf 75' lang='grc' dir='ltr'><strong><em>ιῧρμητο</em></strong></span> <span class='ocrx_word' id='word_1_21' title='bbox 1825 296 1905 351; x_wconf 77' lang='grc' dir='ltr'><strong><em>βίᾳ</em></strong></span> 
     </span>
     <span class='ocr_line' id='line_1_6' title="bbox 236 355 1168 414; baseline -0.002 -13"><span class='ocrx_word' id='word_1_22' title='bbox 236 358 312 401; x_wconf 86' lang='grc' dir='ltr'><strong><em>διὰ</em></strong></span> <span class='ocrx_word' id='word_1_23' title='bbox 342 358 470 414; x_wconf 82' lang='grc' dir='ltr'><strong><em>κέρδη</em></strong></span> <span class='ocrx_word' id='word_1_24' title='bbox 500 359 574 400; x_wconf 82' lang='grc' dir='ltr'><strong><em>καὶ</em></strong></span> <span class='ocrx_word' id='word_1_25' title='bbox 605 357 874 408; x_wconf 77' lang='grc' dir='ltr'><strong><em>πλεονεξιῶν</em></strong></span> <span class='ocrx_word' id='word_1_26' title='bbox 905 355 1168 412; x_wconf 75' lang='grc' dir='ltr'><strong><em>ἐπιθυμίας.</em></strong></span> 
     </span>
    </p>

    <p class='ocr_par' dir='ltr' id='par_1_6' title="bbox 231 420 1970 1703">
     <span class='ocr_line' id='line_1_7' title="bbox 348 420 1905 484; baseline 0.001 -16"><span class='ocrx_word' id='word_1_27' title='bbox 348 429 387 468; x_wconf 90' lang='grc'><strong><em>2.</em></strong></span> <span class='ocrx_word' id='word_1_28' title='bbox 441 420 676 483; x_wconf 79' lang='grc' dir='ltr'><strong><em>Ἐνστάσης</em></strong></span> <span class='ocrx_word' id='word_1_29' title='bbox 698 425 745 468; x_wconf 81' lang='grc' dir='ltr'><strong><em>δὲ</em></strong></span> <span class='ocrx_word' id='word_1_30' title='bbox 766 427 842 484; x_wconf 82' lang='grc' dir='ltr'><strong><em>τῆς</em></strong></span> <span class='ocrx_word' id='word_1_31' title='bbox 862 427 1174 482; x_wconf 75' lang='grc' dir='ltr'><strong><em>πεντηκοστῆς,</em></strong></span> <span class='ocrx_word' id='word_1_32' title='bbox 1207 424 1333 483; x_wconf 77' lang='grc' dir='ltr'><strong><em>ἑορτὴ</em></strong></span> <span class='ocrx_word' id='word_1_33' title='bbox 1357 425 1404 468; x_wconf 81' lang='grc' dir='ltr'><strong><em>δὲ</em></strong></span> <span class='ocrx_word' id='word_1_34' title='bbox 1425 423 1548 482; x_wconf 77' lang='grc' dir='ltr'><strong><em>ἡμῶν</em></strong></span> <span class='ocrx_word' id='word_1_35' title='bbox 1571 424 1691 469; x_wconf 71' lang='grc' dir='ltr'><strong><em>ἐστιν</em></strong></span> <span class='ocrx_word' id='word_1_36' title='bbox 1713 426 1905 482; x_wconf 87' lang='grc' dir='ltr'><strong><em>πάτριος</em></strong></span> 
     </span>
     <span class='ocr_line' id='line_1_8' title="bbox 234 490 1898 551; baseline 0.001 -15"><span class='ocrx_word' id='word_1_37' title='bbox 234 495 365 536; x_wconf 88' lang='grc' dir='ltr'><strong><em>τοῦτο</em></strong></span> <span class='ocrx_word' id='word_1_38' title='bbox 395 494 652 551; x_wconf 73' lang='grc' dir='ltr'><em>κεκλημένη,</em></span> <span class='ocrx_word' id='word_1_39' title='bbox 685 491 781 536; x_wconf 71' lang='grc' dir='ltr'><strong><em>οὔτι</em></strong></span> <span class='ocrx_word' id='word_1_40' title='bbox 810 491 922 535; x_wconf 84' lang='grc' dir='ltr'><strong><em>κατὰ</em></strong></span> <span class='ocrx_word' id='word_1_41' title='bbox 958 491 1036 549; x_wconf 61' lang='grc' dir='ltr'><strong><em>τὴν</em></strong></span> <span class='ocrx_word' id='word_1_42' title='bbox 1069 496 1315 550; x_wconf 74' lang='grc' dir='ltr'><strong><em>θρησκείαν</em></strong></span> <span class='ocrx_word' id='word_1_43' title='bbox 1355 493 1490 548; x_wconf 91' lang='grc' dir='ltr'><strong><em>μόνον</em></strong></span> <span class='ocrx_word' id='word_1_44' title='bbox 1528 496 1757 550; x_wconf 75' lang='grc' dir='ltr'><strong><em>παρῆσαν,</em></strong></span> <span class='ocrx_word' id='word_1_45' title='bbox 1799 490 1898 537; x_wconf 70' lang='grc' dir='ltr'><strong><em>ἀλλ’</em></strong></span> 
     </span>
     <span class='ocr_line' id='line_1_9' title="bbox 235 556 1906 620; baseline 0.001 -16"><span class='ocrx_word' id='word_1_46' title='bbox 235 556 342 618; x_wconf 70' lang='grc' dir='ltr'><strong><em>ὀργῇ</em></strong></span> <span class='ocrx_word' id='word_1_47' title='bbox 375 564 586 619; x_wconf 81' lang='grc' dir='ltr'><strong><em>φέροντες</em></strong></span> <span class='ocrx_word' id='word_1_48' title='bbox 615 560 693 618; x_wconf 89' lang='grc' dir='ltr'><strong><em>τὴν</em></strong></span> <span class='ocrx_word' id='word_1_49' title='bbox 725 564 964 616; x_wconf 76' lang='grc' dir='ltr'><strong><em>παροινίαν</em></strong></span> <span class='ocrx_word' id='word_1_50' title='bbox 1004 562 1081 616; x_wconf 72' lang='grc' dir='ltr'><strong><em>τῆς</em></strong></span> <span class='ocrx_word' id='word_1_51' title='bbox 1111 564 1301 615; x_wconf 78' lang='grc' dir='ltr'><strong><em>Σαβίνου</em></strong></span> <span class='ocrx_word' id='word_1_52' title='bbox 1332 556 1498 618; x_wconf 61' lang='grc' dir='ltr'><strong><em>ὕβρεως</em></strong></span> <span class='ocrx_word' id='word_1_53' title='bbox 1527 561 1739 616; x_wconf 73' lang='grc' dir='ltr'><strong><em>μυριάδες</em></strong></span> <span class='ocrx_word' id='word_1_54' title='bbox 1774 577 1906 620; x_wconf 88' lang='grc' dir='ltr'><strong><em>συνη-</em></strong></span> 
     </span>
     <span class='ocr_line' id='line_1_10' title="bbox 235 625 1904 686; baseline 0.001 -15"><span class='ocrx_word' id='word_1_55' title='bbox 235 632 527 686; x_wconf 86' lang='grc' dir='ltr'><strong><em>θροίσθησαν</em></strong></span> <span class='ocrx_word' id='word_1_56' title='bbox 559 625 817 684; x_wconf 71' lang='grc' dir='ltr'><strong><em>ἀνθρώπιον</em></strong></span> <span class='ocrx_word' id='word_1_57' title='bbox 855 629 929 670; x_wconf 82' lang='grc' dir='ltr'><strong><em>καὶ</em></strong></span> <span class='ocrx_word' id='word_1_58' title='bbox 960 627 1079 670; x_wconf 85' lang='grc' dir='ltr'><strong><em>πάνυ</em></strong></span> <span class='ocrx_word' id='word_1_59' title='bbox 1109 629 1275 670; x_wconf 84' lang='grc' dir='ltr'><strong><em>πολλαὶ</em></strong></span> <span class='ocrx_word' id='word_1_60' title='bbox 1308 630 1559 672; x_wconf 78' lang='grc' dir='ltr'><strong><em>Γαλιλαίων</em></strong></span> <span class='ocrx_word' id='word_1_61' title='bbox 1589 646 1636 672; x_wconf 91' lang='grc' dir='ltr'><strong><em>τε</em></strong></span> <span class='ocrx_word' id='word_1_62' title='bbox 1670 632 1744 673; x_wconf 83' lang='grc' dir='ltr'><strong><em>καὶ</em></strong></span> <span class='ocrx_word' id='word_1_63' title='bbox 1768 625 1904 674; x_wconf 78' lang='grc' dir='ltr'><strong><em>Ἰδου-</em></strong></span> 
     </span>
     <span class='ocr_line' id='line_1_11' title="bbox 234 686 1905 755; baseline 0 -16"><span class='ocrx_word' id='word_1_64' title='bbox 234 700 393 751; x_wconf 86' lang='grc' dir='ltr'><strong><em>μαίων,</em></strong></span> <span class='ocrx_word' id='word_1_65' title='bbox 420 693 732 753; x_wconf 73' lang='grc' dir='ltr'><strong><em>Ἱεριχουντίων</em></strong></span> <span class='ocrx_word' id='word_1_66' title='bbox 763 712 810 738; x_wconf 85' lang='grc' dir='ltr'><strong><em>τε</em></strong></span> <span class='ocrx_word' id='word_1_67' title='bbox 840 686 892 752; x_wconf 71' lang='grc' dir='ltr'><strong><em>ἦν</em></strong></span> <span class='ocrx_word' id='word_1_68' title='bbox 922 693 1103 752; x_wconf 71' lang='grc' dir='ltr'><strong><em>πληθὺς</em></strong></span> <span class='ocrx_word' id='word_1_69' title='bbox 1132 697 1205 738; x_wconf 79' lang='grc' dir='ltr'><strong><em>καὶ</em></strong></span> <span class='ocrx_word' id='word_1_70' title='bbox 1232 693 1400 740; x_wconf 85' lang='grc' dir='ltr'><strong><em>ὁπόσοι</em></strong></span> <span class='ocrx_word' id='word_1_71' title='bbox 1420 697 1668 752; x_wconf 80' lang='grc' dir='ltr'><strong><em>περάσαντι</em></strong></span> <span class='ocrx_word' id='word_1_72' title='bbox 1684 692 1905 755; x_wconf 80' lang='grc' dir='ltr'><strong><em>Ἰορδάνην</em></strong></span> 
     </span>
     <span class='ocr_line' id='line_1_12' title="bbox 234 757 1905 820; baseline 0.001 -13"><span class='ocrx_word' id='word_1_73' title='bbox 234 763 440 819; x_wconf 83' lang='grc' dir='ltr'><strong><em>ποταμὸν</em></strong></span> <span class='ocrx_word' id='word_1_74' title='bbox 473 763 681 816; x_wconf 83' lang='grc' dir='ltr'><strong><em>οἰκοῦσιν,</em></strong></span> <span class='ocrx_word' id='word_1_75' title='bbox 715 759 859 806; x_wconf 78' lang='grc' dir='ltr'><strong><em>αὐτῶν</em></strong></span> <span class='ocrx_word' id='word_1_76' title='bbox 888 779 937 805; x_wconf 88' lang='grc' dir='ltr'><strong><em>τε</em></strong></span> <span class='ocrx_word' id='word_1_77' title='bbox 961 757 1187 806; x_wconf 79' lang='grc' dir='ltr'><strong><em>Ἰουδαίων</em></strong></span> <span class='ocrx_word' id='word_1_78' title='bbox 1218 764 1397 820; x_wconf 72' lang='grc' dir='ltr'><strong><em>πλῆθος</em></strong></span> <span class='ocrx_word' id='word_1_79' title='bbox 1427 764 1542 820; x_wconf 84' lang='grc' dir='ltr'><strong><em>πρὸς</em></strong></span> <span class='ocrx_word' id='word_1_80' title='bbox 1563 764 1736 814; x_wconf 77' lang='grc' dir='ltr'><strong><em>πάντας</em></strong></span> <span class='ocrx_word' id='word_1_81' title='bbox 1760 779 1905 808; x_wconf 88' lang='grc' dir='ltr'><strong><em>συνει-</em></strong></span> 
     </span>
     <span class='ocr_line' id='line_1_13' title="bbox 237 827 1904 889; baseline 0.001 -15"><span class='ocrx_word' id='word_1_82' title='bbox 237 833 390 886; x_wconf 80' lang='grc' dir='ltr'><strong><em>λέχατο</em></strong></span> <span class='ocrx_word' id='word_1_83' title='bbox 421 834 495 874; x_wconf 82' lang='grc' dir='ltr'><strong><em>καὶ</em></strong></span> <span class='ocrx_word' id='word_1_84' title='bbox 527 831 642 874; x_wconf 66' lang='grc' dir='ltr'><strong><em>πολὺ</em></strong></span> <span class='ocrx_word' id='word_1_85' title='bbox 674 829 1010 886; x_wconf 76' lang='grc' dir='ltr'><strong><em>προθυμότεροι</em></strong></span> <span class='ocrx_word' id='word_1_86' title='bbox 1040 832 1129 872; x_wconf 80' lang='grc' dir='ltr'><strong><em>τῶν</em></strong></span> <span class='ocrx_word' id='word_1_87' title='bbox 1151 827 1296 873; x_wconf 70' lang='grc' dir='ltr'><strong><em>ἄλλων</em></strong></span> <span class='ocrx_word' id='word_1_88' title='bbox 1326 830 1403 874; x_wconf 74' lang='grc' dir='ltr'><strong><em>ἐπὶ</em></strong></span> <span class='ocrx_word' id='word_1_89' title='bbox 1422 836 1617 889; x_wconf 77' lang='grc' dir='ltr'><strong><em>τιμωρίᾳ</em></strong></span> <span class='ocrx_word' id='word_1_90' title='bbox 1637 835 1691 888; x_wconf 75' lang='grc' dir='ltr'><strong><em>τῇ</em></strong></span> <span class='ocrx_word' id='word_1_91' title='bbox 1712 835 1904 887; x_wconf 77' lang='grc' dir='ltr'><strong><em>Σαβίνου</em></strong></span> 
     </span>
     <span class='ocr_line' id='line_1_14' title="bbox 237 897 1906 956; baseline 0 -14"><span class='ocrx_word' id='word_1_92' title='bbox 237 897 508 956; x_wconf 72' lang='grc' dir='ltr'><strong><em>ὡρμήκεσαν.</em></strong></span> <span class='ocrx_word' id='word_1_93' title='bbox 567 901 642 942; x_wconf 80' lang='grc' dir='ltr'><strong><em>καὶ</em></strong></span> <span class='ocrx_word' id='word_1_94' title='bbox 671 902 774 954; x_wconf 91' lang='grc' dir='ltr'><strong><em>τρία</em></strong></span> <span class='ocrx_word' id='word_1_95' title='bbox 803 902 911 956; x_wconf 84' lang='grc' dir='ltr'><strong><em>μέρη</em></strong></span> <span class='ocrx_word' id='word_1_96' title='bbox 945 900 1211 955; x_wconf 77' lang='grc' dir='ltr'><strong><em>νεμηθέντες</em></strong></span> <span class='ocrx_word' id='word_1_97' title='bbox 1250 897 1327 942; x_wconf 79' lang='grc' dir='ltr'><strong><em>ἐπὶ</em></strong></span> <span class='ocrx_word' id='word_1_98' title='bbox 1356 899 1551 942; x_wconf 79' lang='grc' dir='ltr'><strong><em>τοσῶνδε</em></strong></span> <span class='ocrx_word' id='word_1_99' title='bbox 1583 898 1906 953; x_wconf 83' lang='grc' dir='ltr'><strong><em>στρατοπεδεύ-</em></strong></span> 
     </span>
     <span class='ocr_line' id='line_1_15' title="bbox 236 961 1906 1023; baseline 0 -13"><span class='ocrx_word' id='word_1_100' title='bbox 236 984 362 1010; x_wconf 89' lang='grc' dir='ltr'><strong><em>ονται</em></strong></span> <span class='ocrx_word' id='word_1_101' title='bbox 387 971 582 1023; x_wconf 81' lang='grc' dir='ltr'><strong><em>χωρίων,</em></strong></span> <span class='ocrx_word' id='word_1_102' title='bbox 623 983 665 1009; x_wconf 93' lang='grc' dir='ltr'><strong><em>οι</em></strong></span> <span class='ocrx_word' id='word_1_103' title='bbox 704 967 783 1021; x_wconf 80' lang='grc' dir='ltr'><strong><em>μὲν</em></strong></span> <span class='ocrx_word' id='word_1_104' title='bbox 821 965 898 1010; x_wconf 81' lang='grc' dir='ltr'><strong><em>τὸν</em></strong></span> <span class='ocrx_word' id='word_1_105' title='bbox 939 965 1224 1022; x_wconf 84' lang='grc' dir='ltr'><strong><em>ἱππόδρομον</em></strong></span> <span class='ocrx_word' id='word_1_106' title='bbox 1264 961 1588 1020; x_wconf 79' lang='grc' dir='ltr'><strong><em>απολαβόντες,</em></strong></span> <span class='ocrx_word' id='word_1_107' title='bbox 1629 969 1701 1010; x_wconf 84' lang='grc' dir='ltr'><strong><em>καὶ</em></strong></span> <span class='ocrx_word' id='word_1_108' title='bbox 1737 969 1826 1009; x_wconf 84' lang='grc' dir='ltr'><strong><em>τιῦν</em></strong></span> <span class='ocrx_word' id='word_1_109' title='bbox 1857 967 1906 1010; x_wconf 85' lang='grc' dir='ltr'><strong><em>δὲ</em></strong></span> 
     </span>
     <span class='ocr_line' id='line_1_16' title="bbox 235 1034 1906 1091; baseline 0.001 -14"><span class='ocrx_word' id='word_1_110' title='bbox 235 1037 408 1079; x_wconf 80' lang='grc' dir='ltr'><strong><em>λοιπῶν</em></strong></span> <span class='ocrx_word' id='word_1_111' title='bbox 448 1034 524 1077; x_wconf 78' lang='grc' dir='ltr'><strong><em>δύο</em></strong></span> <span class='ocrx_word' id='word_1_112' title='bbox 564 1051 617 1089; x_wconf 69' lang='grc' dir='ltr'><strong><em>με</em></strong></span> <span class='ocrx_word' id='word_1_113' title='bbox 604 1036 710 1089; x_wconf 80' lang='grc' dir='ltr'><strong><em>ριῦν</em></strong></span> <span class='ocrx_word' id='word_1_114' title='bbox 751 1051 793 1078; x_wconf 95' lang='grc' dir='ltr'><strong><em>οι</em></strong></span> <span class='ocrx_word' id='word_1_115' title='bbox 833 1035 913 1089; x_wconf 82' lang='grc' dir='ltr'><strong><em>μὲν</em></strong></span> <span class='ocrx_word' id='word_1_116' title='bbox 943 1036 1007 1090; x_wconf 80' lang='grc' dir='ltr'><strong><em>τιῦ</em></strong></span> <span class='ocrx_word' id='word_1_117' title='bbox 1034 1037 1197 1090; x_wconf 76' lang='grc' dir='ltr'><strong><em>βορείῳ</em></strong></span> <span class='ocrx_word' id='word_1_118' title='bbox 1228 1035 1305 1076; x_wconf 87' lang='grc' dir='ltr'><strong><em>τοῦ</em></strong></span> <span class='ocrx_word' id='word_1_119' title='bbox 1339 1034 1456 1087; x_wconf 80' lang='grc' dir='ltr'><strong><em>ἱεροῦ</em></strong></span> <span class='ocrx_word' id='word_1_120' title='bbox 1487 1034 1600 1088; x_wconf 85' lang='grc' dir='ltr'><strong><em>πρὸς</em></strong></span> <span class='ocrx_word' id='word_1_121' title='bbox 1629 1039 1906 1091; x_wconf 78' lang='grc' dir='ltr'><strong><em>μεσημβρίαν</em></strong></span> 
     </span>
     <span class='ocr_line' id='line_1_17' title="bbox 234 1096 1906 1159; baseline -0.001 -14"><span class='ocrx_word' id='word_1_122' title='bbox 234 1105 540 1159; x_wconf 75' lang='grc' dir='ltr'><strong><em>τετραμμένοι,</em></strong></span> <span class='ocrx_word' id='word_1_123' title='bbox 573 1102 616 1146; x_wconf 81' lang='grc' dir='ltr'><strong><em>οἱ</em></strong></span> <span class='ocrx_word' id='word_1_124' title='bbox 649 1102 696 1145; x_wconf 80' lang='grc' dir='ltr'><strong><em>δὲ</em></strong></span> <span class='ocrx_word' id='word_1_125' title='bbox 728 1101 843 1158; x_wconf 80' lang='grc' dir='ltr'><strong><em>ἑῳάν</em></strong></span> <span class='ocrx_word' id='word_1_126' title='bbox 873 1111 1034 1157; x_wconf 89' lang='grc' dir='ltr'><strong><em>μοῖραν</em></strong></span> <span class='ocrx_word' id='word_1_127' title='bbox 1066 1100 1195 1155; x_wconf 82' lang='grc' dir='ltr'><strong><em>εἶχον,</em></strong></span> <span class='ocrx_word' id='word_1_128' title='bbox 1225 1111 1362 1155; x_wconf 88' lang='grc' dir='ltr'><strong><em>μοῖρα</em></strong></span> <span class='ocrx_word' id='word_1_129' title='bbox 1394 1100 1441 1143; x_wconf 79' lang='grc' dir='ltr'><strong><em>δὲ</em></strong></span> <span class='ocrx_word' id='word_1_130' title='bbox 1463 1096 1606 1143; x_wconf 83' lang='grc' dir='ltr'><strong><em>αυτιῦν</em></strong></span> <span class='ocrx_word' id='word_1_131' title='bbox 1635 1099 1660 1157; x_wconf 83' lang='grc' dir='ltr'>ἡ</span> <span class='ocrx_word' id='word_1_132' title='bbox 1693 1106 1818 1159; x_wconf 85' lang='grc' dir='ltr'><strong><em>τρίτη</em></strong></span> <span class='ocrx_word' id='word_1_133' title='bbox 1850 1101 1906 1144; x_wconf 82' lang='grc' dir='ltr'><strong><em>τὰ</em></strong></span> 
     </span>
     <span class='ocr_line' id='line_1_18' title="bbox 235 1159 1905 1228; baseline -0.001 -14"><span class='ocrx_word' id='word_1_134' title='bbox 235 1170 350 1226; x_wconf 86' lang='grc' dir='ltr'><strong><em>πρὸς</em></strong></span> <span class='ocrx_word' id='word_1_135' title='bbox 382 1170 593 1224; x_wconf 84' lang='grc' dir='ltr'><strong><em>δυόμενον</em></strong></span> <span class='ocrx_word' id='word_1_136' title='bbox 624 1165 762 1228; x_wconf 72' lang='grc' dir='ltr'><strong><em>ἥλιον,</em></strong></span> <span class='ocrx_word' id='word_1_137' title='bbox 796 1168 910 1212; x_wconf 87' lang='grc' dir='ltr'><strong><em>ενθα</em></strong></span> <span class='ocrx_word' id='word_1_138' title='bbox 940 1171 1013 1212; x_wconf 81' lang='grc' dir='ltr'><strong><em>καὶ</em></strong></span> <span class='ocrx_word' id='word_1_139' title='bbox 1043 1168 1092 1212; x_wconf 84' lang='grc' dir='ltr'><strong><em>τὸ</em></strong></span> <span class='ocrx_word' id='word_1_140' title='bbox 1125 1170 1352 1223; x_wconf 84' lang='grc' dir='ltr'><strong><em>βασίλειον</em></strong></span> <span class='ocrx_word' id='word_1_141' title='bbox 1374 1159 1439 1224; x_wconf 75' lang='grc' dir='ltr'><strong><em>ἧν.</em></strong></span> <span class='ocrx_word' id='word_1_142' title='bbox 1500 1183 1749 1223; x_wconf 87' lang='grc' dir='ltr'><strong><em>επρασσετο</em></strong></span> <span class='ocrx_word' id='word_1_143' title='bbox 1781 1170 1828 1212; x_wconf 84' lang='grc' dir='ltr'><strong><em>δὲ</em></strong></span> <span class='ocrx_word' id='word_1_144' title='bbox 1849 1169 1905 1212; x_wconf 81' lang='grc' dir='ltr'><strong><em>τὰ</em></strong></span> 
     </span>
     <span class='ocr_line' id='line_1_19' title="bbox 234 1231 1970 1294; baseline 0.001 -14"><span class='ocrx_word' id='word_1_145' title='bbox 234 1239 385 1281; x_wconf 84' lang='grc' dir='ltr'><strong><em>πάντα</em></strong></span> <span class='ocrx_word' id='word_1_146' title='bbox 426 1234 576 1288; x_wconf 66' lang='grc' dir='ltr'><strong><em>αὐτοῖς</em></strong></span> <span class='ocrx_word' id='word_1_147' title='bbox 615 1236 691 1280; x_wconf 76' lang='grc' dir='ltr'><strong><em>ἐπὶ</em></strong></span> <span class='ocrx_word' id='word_1_148' title='bbox 727 1238 967 1294; x_wconf 75' lang='grc' dir='ltr'><strong><em>πολιορκίᾳ</em></strong></span> <span class='ocrx_word' id='word_1_149' title='bbox 1004 1239 1092 1279; x_wconf 78' lang='grc' dir='ltr'><strong><em>τῶν</em></strong></span> <span class='ocrx_word' id='word_1_150' title='bbox 1126 1234 1351 1291; x_wconf 86' lang='grc' dir='ltr'><strong><em>Ῥωμαίων</em></strong></span> <span class='ocrx_word' id='word_1_151' title='bbox 1396 1231 1713 1289; x_wconf 78' lang='grc' dir='ltr'><strong><em>ἁπανταχόθεν</em></strong></span> <span class='ocrx_word' id='word_1_152' title='bbox 1757 1233 1907 1288; x_wconf 74' lang='grc' dir='ltr'><strong><em>αὐτοῖς</em></strong></span> <span class='ocrx_word' id='word_1_153' title='bbox 1956 1249 1970 1256; x_wconf 88' lang='grc'><em>·</em></span> 
     </span>
     <span class='ocr_line' id='line_1_20' title="bbox 237 1301 1907 1360; baseline 0.001 -12"><span class='ocrx_word' id='word_1_154' title='bbox 237 1307 658 1360; x_wconf 83' lang='grc' dir='ltr'><strong><em>αποκεκλεισμένων.</em></strong></span> <span class='ocrx_word' id='word_1_155' title='bbox 717 1307 791 1348; x_wconf 86' lang='grc' dir='ltr'><strong><em>καὶ</em></strong></span> <span class='ocrx_word' id='word_1_156' title='bbox 829 1308 1040 1359; x_wconf 79' lang='grc' dir='ltr'><strong><em>Σαβῖνος,</em></strong></span> <span class='ocrx_word' id='word_1_157' title='bbox 1082 1305 1224 1348; x_wconf 75' lang='grc' dir='ltr'><strong><em>ἔδεισε</em></strong></span> <span class='ocrx_word' id='word_1_158' title='bbox 1262 1303 1345 1360; x_wconf 77' lang='grc' dir='ltr'><strong><em>γὰρ</em></strong></span> <span class='ocrx_word' id='word_1_159' title='bbox 1383 1303 1432 1346; x_wconf 90' lang='grc' dir='ltr'><strong><em>τό</em></strong></span> <span class='ocrx_word' id='word_1_160' title='bbox 1474 1319 1521 1346; x_wconf 91' lang='grc' dir='ltr'><strong><em>τε</em></strong></span> <span class='ocrx_word' id='word_1_161' title='bbox 1553 1304 1732 1360; x_wconf 75' lang='grc' dir='ltr'><strong><em>πλῆθος</em></strong></span> <span class='ocrx_word' id='word_1_162' title='bbox 1763 1301 1907 1349; x_wconf 78' lang='grc' dir='ltr'><strong><em>αὐτῶν</em></strong></span> 
     </span>
     <span class='ocr_line' id='line_1_21' title="bbox 234 1367 1906 1431; baseline -0.001 -14"><span class='ocrx_word' id='word_1_163' title='bbox 234 1375 308 1417; x_wconf 81' lang='grc' dir='ltr'><strong><em>καὶ</em></strong></span> <span class='ocrx_word' id='word_1_164' title='bbox 345 1373 401 1417; x_wconf 83' lang='grc' dir='ltr'><strong><em>τὰ</em></strong></span> <span class='ocrx_word' id='word_1_165' title='bbox 443 1372 706 1431; x_wconf 79' lang='grc' dir='ltr'><strong><em>φρονήματα</em></strong></span> <span class='ocrx_word' id='word_1_166' title='bbox 747 1368 918 1428; x_wconf 72' lang='grc' dir='ltr'><strong><em>ἀνδρῶν</em></strong></span> <span class='ocrx_word' id='word_1_167' title='bbox 959 1371 1003 1415; x_wconf 75' lang='grc' dir='ltr'><strong><em>ἐν</em></strong></span> <span class='ocrx_word' id='word_1_168' title='bbox 1043 1367 1178 1429; x_wconf 79' lang='grc' dir='ltr'><strong><em>ὀλίγῳ</em></strong></span> <span class='ocrx_word' id='word_1_169' title='bbox 1217 1371 1267 1415; x_wconf 82' lang='grc' dir='ltr'><strong><em>τὸ</em></strong></span> <span class='ocrx_word' id='word_1_170' title='bbox 1308 1376 1466 1415; x_wconf 86' lang='grc' dir='ltr'><strong><em>θανεῖν</em></strong></span> <span class='ocrx_word' id='word_1_171' title='bbox 1506 1375 1787 1426; x_wconf 81' lang='grc' dir='ltr'><strong><em>ποιουμένων</em></strong></span> <span class='ocrx_word' id='word_1_172' title='bbox 1816 1369 1906 1416; x_wconf 72' lang='grc' dir='ltr'><strong><em>ὑπὸ</em></strong></span> 
     </span>
     <span class='ocr_line' id='line_1_22' title="bbox 234 1435 1909 1498; baseline 0 -14"><span class='ocrx_word' id='word_1_173' title='bbox 234 1443 312 1485; x_wconf 84' lang='grc' dir='ltr'><strong><em>τοῦ</em></strong></span> <span class='ocrx_word' id='word_1_174' title='bbox 342 1438 571 1498; x_wconf 81' lang='grc' dir='ltr'><strong><em>ἡττᾶσθαι</em></strong></span> <span class='ocrx_word' id='word_1_175' title='bbox 601 1440 658 1498; x_wconf 85' lang='grc' dir='ltr'><strong><em>μὴ</em></strong></span> <span class='ocrx_word' id='word_1_176' title='bbox 693 1440 867 1483; x_wconf 76' lang='grc' dir='ltr'><strong><em>ἐθέλειν</em></strong></span> <span class='ocrx_word' id='word_1_177' title='bbox 898 1435 974 1497; x_wconf 72' lang='grc' dir='ltr'><strong><em>ἐφ’</em></strong></span> <span class='ocrx_word' id='word_1_178' title='bbox 1011 1439 1078 1490; x_wconf 84' lang='grc' dir='ltr'><strong><em>οἷς</em></strong></span> <span class='ocrx_word' id='word_1_179' title='bbox 1109 1439 1267 1497; x_wconf 64' lang='grc' dir='ltr'><strong><em>α’ρετῂν</em></strong></span> <span class='ocrx_word' id='word_1_180' title='bbox 1297 1444 1490 1494; x_wconf 80' lang='grc' dir='ltr'><strong><em>κρίνειαν</em></strong></span> <span class='ocrx_word' id='word_1_181' title='bbox 1517 1438 1566 1482; x_wconf 86' lang='grc' dir='ltr'><strong><em>τὸ</em></strong></span> <span class='ocrx_word' id='word_1_182' title='bbox 1592 1441 1727 1492; x_wconf 82' lang='grc' dir='ltr'><strong><em>νικᾶν,</em></strong></span> <span class='ocrx_word' id='word_1_183' title='bbox 1759 1457 1909 1496; x_wconf 90' lang='grc' dir='ltr'><strong><em>παρα-</em></strong></span> 
     </span>
     <span class='ocr_line' id='line_1_23' title="bbox 231 1503 1909 1567; baseline -0.001 -15"><span class='ocrx_word' id='word_1_184' title='bbox 231 1509 377 1567; x_wconf 75' lang='grc' dir='ltr'><strong><em>χρῆμά</em></strong></span> <span class='ocrx_word' id='word_1_185' title='bbox 418 1525 465 1552; x_wconf 88' lang='grc' dir='ltr'><strong><em>τε</em></strong></span> <span class='ocrx_word' id='word_1_186' title='bbox 504 1506 565 1560; x_wconf 79' lang='grc' dir='ltr'><strong><em>ὡς</em></strong></span> <span class='ocrx_word' id='word_1_187' title='bbox 603 1508 681 1552; x_wconf 84' lang='grc' dir='ltr'><strong><em>τὸν</em></strong></span> <span class='ocrx_word' id='word_1_188' title='bbox 718 1506 892 1562; x_wconf 70' lang='grc' dir='ltr'><strong><em>Οὔαρον</em></strong></span> <span class='ocrx_word' id='word_1_189' title='bbox 932 1509 1107 1564; x_wconf 71' lang='grc' dir='ltr'><strong><em>ἔπεμπε</em></strong></span> <span class='ocrx_word' id='word_1_190' title='bbox 1144 1507 1382 1564; x_wconf 79' lang='grc' dir='ltr'><strong><em>γράμματα</em></strong></span> <span class='ocrx_word' id='word_1_191' title='bbox 1422 1509 1494 1550; x_wconf 82' lang='grc' dir='ltr'><strong><em>καὶ</em></strong></span> <span class='ocrx_word' id='word_1_192' title='bbox 1526 1505 1574 1550; x_wconf 83' lang='grc' dir='ltr'><strong><em>τὸ</em></strong></span> <span class='ocrx_word' id='word_1_193' title='bbox 1610 1507 1802 1565; x_wconf 81' lang='grc' dir='ltr'><strong><em>σύνηθες</em></strong></span> <span class='ocrx_word' id='word_1_194' title='bbox 1833 1503 1909 1551; x_wconf 62' lang='grc' dir='ltr'><strong><em>οὐκ</em></strong></span> 
     </span>
     <span class='ocr_line' id='line_1_24' title="bbox 235 1573 1945 1634; baseline -0.001 -14"><span class='ocrx_word' id='word_1_195' title='bbox 235 1573 350 1620; x_wconf 76' lang='grc' dir='ltr'><strong><em>ἀνίει</em></strong></span> <span class='ocrx_word' id='word_1_196' title='bbox 379 1576 566 1620; x_wconf 80' lang='grc' dir='ltr'><strong><em>κελεύων</em></strong></span> <span class='ocrx_word' id='word_1_197' title='bbox 599 1575 643 1619; x_wconf 76' lang='grc' dir='ltr'><strong><em>ἐκ</em></strong></span> <span class='ocrx_word' id='word_1_198' title='bbox 673 1579 751 1620; x_wconf 82' lang='grc' dir='ltr'><strong><em>τοῦ</em></strong></span> <span class='ocrx_word' id='word_1_199' title='bbox 782 1573 906 1628; x_wconf 81' lang='grc' dir='ltr'><strong><em>ὀξέος</em></strong></span> <span class='ocrx_word' id='word_1_200' title='bbox 935 1580 1136 1634; x_wconf 82' lang='grc' dir='ltr'><strong><em>βοηθεῖν,</em></strong></span> <span class='ocrx_word' id='word_1_201' title='bbox 1168 1573 1229 1626; x_wconf 80' lang='grc' dir='ltr'><strong><em>ὠς</em></strong></span> <span class='ocrx_word' id='word_1_202' title='bbox 1258 1575 1459 1618; x_wconf 79' lang='grc' dir='ltr'><strong><em>κινδύνου</em></strong></span> <span class='ocrx_word' id='word_1_203' title='bbox 1479 1579 1687 1630; x_wconf 73' lang='grc' dir='ltr'><strong><em>μεγίστου</em></strong></span> <span class='ocrx_word' id='word_1_204' title='bbox 1708 1574 1756 1618; x_wconf 80' lang='grc' dir='ltr'><strong><em>τὸ</em></strong></span> <span class='ocrx_word' id='word_1_205' title='bbox 1782 1575 1907 1632; x_wconf 53' lang='lat' dir='ltr'><strong><em>§ynet-</em></strong></span> <span class='ocrx_word' id='word_1_206' title='bbox 1936 1591 1945 1601; x_wconf 79' lang='lat'><strong>·</strong></span> 
     </span>
     <span class='ocr_line' id='line_1_25' title="bbox 233 1641 1906 1703; baseline -0.001 -15"><span class='ocrx_word' id='word_1_207' title='bbox 233 1645 480 1703; x_wconf 77' lang='grc' dir='ltr'><strong><em>ταλειφθὲν</em></strong></span> <span class='ocrx_word' id='word_1_208' title='bbox 513 1643 765 1701; x_wconf 81' lang='grc' dir='ltr'><strong><em>στράτευμα</em></strong></span> <span class='ocrx_word' id='word_1_209' title='bbox 795 1643 1136 1702; x_wconf 84' lang='grc' dir='ltr'><strong><em>περιεσχηκότος</em></strong></span> <span class='ocrx_word' id='word_1_210' title='bbox 1168 1642 1242 1686; x_wconf 80' lang='grc' dir='ltr'><strong><em>διὰ</em></strong></span> <span class='ocrx_word' id='word_1_211' title='bbox 1273 1642 1322 1687; x_wconf 83' lang='grc' dir='ltr'><strong><em>τὸ</em></strong></span> <span class='ocrx_word' id='word_1_212' title='bbox 1355 1642 1413 1700; x_wconf 77' lang='grc' dir='ltr'><strong><em>μὴ</em></strong></span> <span class='ocrx_word' id='word_1_213' title='bbox 1446 1642 1490 1694; x_wconf 77' lang='grc' dir='ltr'><strong><em>ἐς</em></strong></span> <span class='ocrx_word' id='word_1_214' title='bbox 1509 1641 1681 1699; x_wconf 82' lang='grc' dir='ltr'><strong><em>μακρὰν</em></strong></span> <span class='ocrx_word' id='word_1_215' title='bbox 1713 1641 1906 1696; x_wconf 75' lang='grc' dir='ltr'><strong><em>ἐλπίζειν</em></strong></span> 
     </span>
    </p>
   </div>
   <div class='ocr_carea' id='block_1_6' title="bbox 349 1789 882 1835">
    <p class='ocr_par' dir='ltr' id='par_1_7' title="bbox 349 1789 882 1835">
     <span class='ocr_line' id='line_1_26' title="bbox 349 1789 882 1835; baseline -0.002 -10"><span class='ocrx_word' id='word_1_216' title='bbox 349 1791 370 1835; x_wconf 61' lang='grc' dir='ltr'><strong><em>ς</em></strong></span> <span class='ocrx_word' id='word_1_217' title='bbox 398 1793 462 1826; x_wconf 83' lang='lat'><strong><em>254</em></strong></span> <span class='ocrx_word' id='word_1_218' title='bbox 487 1808 530 1820; x_wconf 80' lang='lat'>=</span> <span class='ocrx_word' id='word_1_219' title='bbox 554 1789 638 1826; x_wconf 79' lang='lat' dir='ltr'>ben.</span> <span class='ocrx_word' id='word_1_220' title='bbox 663 1790 742 1825; x_wconf 74' lang='lat' dir='ltr'>lud.</span> <span class='ocrx_word' id='word_1_221' title='bbox 768 1790 803 1825; x_wconf 90' lang='lat'><strong><em>11</em></strong></span> <span class='ocrx_word' id='word_1_222' title='bbox 828 1792 882 1824; x_wconf 76' lang='lat'><strong><em>42.</em></strong></span> 
     </span>
    </p>
   </div>
   <div class='ocr_carea' id='block_1_7' title="bbox 639 1880 814 1883">
    <p class='ocr_par' dir='ltr' id='par_1_8' title="bbox 639 1880 814 1883">
     <span class='ocr_line' id='line_1_27' title="bbox 639 1880 814 1883; baseline 0 0"><span class='ocrx_word' id='word_1_223' title='bbox 639 1880 814 1883; x_wconf 95' lang='lat' dir='ltr'><strong><em> </em></strong></span> 
     </span>
    </p>
   </div>
   <div class='ocr_carea' id='block_1_8' title="bbox 235 1926 1911 2991">
    <p class='ocr_par' dir='ltr' id='par_1_9' title="bbox 348 1926 935 1971">
     <span class='ocr_line' id='line_1_28' title="bbox 348 1926 935 1971; baseline -0.003 -9"><span class='ocrx_word' id='word_1_224' title='bbox 348 1926 731 1962; x_wconf 82' lang='lat' dir='ltr'>PAMELatZonaras</span> <span class='ocrx_word' id='word_1_225' title='bbox 756 1926 773 1960; x_wconf 94' lang='lat' dir='ltr'>I</span> <span class='ocrx_word' id='word_1_226' title='bbox 796 1937 831 1971; x_wconf 88' lang='lat' dir='ltr'><strong><em>p.</em></strong></span> <span class='ocrx_word' id='word_1_227' title='bbox 858 1928 935 1960; x_wconf 73' lang='lat'><strong><em>467.</em></strong></span> 
     </span>
    </p>

    <p class='ocr_par' dir='ltr' id='par_1_10' title="bbox 235 1977 1911 2820">
     <span class='ocr_line' id='line_1_29' title="bbox 350 1977 1906 2032; baseline 0 -15"><span class='ocrx_word' id='word_1_228' title='bbox 350 1987 364 2017; x_wconf 90' lang='lat'>1</span> <span class='ocrx_word' id='word_1_229' title='bbox 394 1984 487 2032; x_wconf 72' lang='grc' dir='ltr'><strong><em>*βίᾳ</em></strong></span> <span class='ocrx_word' id='word_1_230' title='bbox 512 1982 659 2018; x_wconf 85' lang='lat' dir='ltr'><strong>seclusit</strong></span> <span class='ocrx_word' id='word_1_231' title='bbox 676 1982 820 2018; x_wconf 86' lang='lat' dir='ltr'>Bekker</span> <span class='ocrx_word' id='word_1_232' title='bbox 891 1986 910 2017; x_wconf 84' lang='lat'>3</span> <span class='ocrx_word' id='word_1_233' title='bbox 934 1980 1144 2028; x_wconf 80' lang='grc' dir='ltr'><strong><em>ἐπιστάσησ</em></strong></span> <span class='ocrx_word' id='word_1_234' title='bbox 1161 1981 1264 2015; x_wconf 88' lang='grc' dir='ltr'><strong><em>ΡΜΕ</em></strong></span> <span class='ocrx_word' id='word_1_235' title='bbox 1334 1981 1385 2020; x_wconf 74' lang='grc' dir='ltr'><strong><em>δὲ]</em></strong></span> <span class='ocrx_word' id='word_1_236' title='bbox 1410 1977 1484 2027; x_wconf 79' lang='grc' dir='ltr'><strong><em>γὰρ</em></strong></span> <span class='ocrx_word' id='word_1_237' title='bbox 1509 1980 1542 2014; x_wconf 91' lang='grc' dir='ltr'>Ε</span> <span class='ocrx_word' id='word_1_238' title='bbox 1615 1984 1633 2015; x_wconf 82' lang='lat'>5</span> <span class='ocrx_word' id='word_1_239' title='bbox 1659 1983 1906 2029; x_wconf 67' lang='lat' dir='ltr'><strong><em>*napata-lar]</em></strong></span> 
     </span>
     <span class='ocr_line' id='line_1_30' title="bbox 235 2032 1907 2087; baseline -0.002 -10"><span class='ocrx_word' id='word_1_240' title='bbox 235 2040 453 2087; x_wconf 82' lang='grc' dir='ltr'><strong><em>παρουσίαν</em></strong></span> <span class='ocrx_word' id='word_1_241' title='bbox 470 2039 508 2073; x_wconf 89' lang='grc' dir='ltr'>Μ</span> <span class='ocrx_word' id='word_1_242' title='bbox 582 2036 794 2084; x_wconf 79' lang='grc' dir='ltr'><strong><em>*μυριάδες]</em></strong></span> <span class='ocrx_word' id='word_1_243' title='bbox 811 2036 992 2086; x_wconf 60' lang='grc' dir='ltr'><strong><em>μυριάδεσ</em></strong></span> <span class='ocrx_word' id='word_1_244' title='bbox 1009 2038 1047 2075; x_wconf 80' lang='grc' dir='ltr'><strong><em>δὲ</em></strong></span> <span class='ocrx_word' id='word_1_245' title='bbox 1063 2038 1091 2073; x_wconf 88' lang='grc' dir='ltr'>Ρ</span> <span class='ocrx_word' id='word_1_246' title='bbox 1163 2041 1182 2072; x_wconf 82' lang='lat'><strong>6</strong></span> <span class='ocrx_word' id='word_1_247' title='bbox 1208 2051 1248 2074; x_wconf 79' lang='grc' dir='ltr'><strong><em>τε</em></strong></span> <span class='ocrx_word' id='word_1_248' title='bbox 1265 2039 1327 2073; x_wconf 78' lang='grc' dir='ltr'><strong><em>καὶ</em></strong></span> <span class='ocrx_word' id='word_1_249' title='bbox 1352 2032 1569 2081; x_wconf 76' lang='grc' dir='ltr'><strong><em>Ἰδουμαίων</em></strong></span> <span class='ocrx_word' id='word_1_250' title='bbox 1586 2047 1653 2072; x_wconf 90' lang='lat' dir='ltr'><strong><em>om.</em></strong></span> <span class='ocrx_word' id='word_1_251' title='bbox 1672 2037 1743 2073; x_wconf 85' lang='lat' dir='ltr'><strong><em>Lat</em></strong></span> <span class='ocrx_word' id='word_1_252' title='bbox 1814 2041 1831 2072; x_wconf 74' lang='lat' dir='ltr'><strong><em>&#39;a&#39;</em></strong></span> <span class='ocrx_word' id='word_1_253' title='bbox 1851 2032 1907 2084; x_wconf 80' lang='grc' dir='ltr'><strong><em>ἦν]</em></strong></span> 
     </span>
     <span class='ocr_line' id='line_1_31' title="bbox 235 2089 1864 2143; baseline -0.001 -11"><span class='ocrx_word' id='word_1_254' title='bbox 235 2094 255 2143; x_wconf 75' lang='grc' dir='ltr'>ἡ</span> <span class='ocrx_word' id='word_1_255' title='bbox 276 2097 347 2132; x_wconf 90' lang='grc' dir='ltr'><strong><em>ΑΜ</em></strong></span> <span class='ocrx_word' id='word_1_256' title='bbox 418 2092 662 2143; x_wconf 80' lang='grc' dir='ltr'><strong><em>περάσαντεσ</em></strong></span> <span class='ocrx_word' id='word_1_257' title='bbox 679 2095 788 2130; x_wconf 82' lang='grc' dir='ltr'><strong><em>ΑΜΕ</em></strong></span> <span class='ocrx_word' id='word_1_258' title='bbox 858 2098 877 2130; x_wconf 81' lang='lat' dir='ltr'>S</span> <span class='ocrx_word' id='word_1_259' title='bbox 895 2098 1054 2142; x_wconf 76' lang='grc' dir='ltr'><strong><em>πλῆθος]</em></strong></span> <span class='ocrx_word' id='word_1_260' title='bbox 1079 2098 1230 2142; x_wconf 78' lang='grc' dir='ltr'><strong><em>πλῆθοσ</em></strong></span> <span class='ocrx_word' id='word_1_261' title='bbox 1247 2089 1292 2140; x_wconf 78' lang='grc' dir='ltr'><strong><em>ἧι·</em></strong></span> <span class='ocrx_word' id='word_1_262' title='bbox 1311 2090 1331 2130; x_wconf 82' lang='grc' dir='ltr'><em>ὂ</em></span> <span class='ocrx_word' id='word_1_263' title='bbox 1350 2094 1420 2128; x_wconf 81' lang='grc' dir='ltr'><strong><em>ΑΜ</em></strong></span> <span class='ocrx_word' id='word_1_264' title='bbox 1492 2090 1646 2136; x_wconf 59' lang='lat' dir='ltr'><strong><em>onom</em></strong></span> <span class='ocrx_word' id='word_1_265' title='bbox 1672 2096 1807 2130; x_wconf 83' lang='grc' dir='ltr'><strong><em>πολλοὶ</em></strong></span> <span class='ocrx_word' id='word_1_266' title='bbox 1824 2094 1864 2129; x_wconf 89' lang='grc' dir='ltr'><strong>Μ</strong></span> 
     </span>
     <span class='ocr_line' id='line_1_32' title="bbox 236 2145 1864 2201; baseline -0.002 -12"><span class='ocrx_word' id='word_1_267' title='bbox 236 2150 534 2201; x_wconf 76' lang='grc' dir='ltr'><strong><em>προθυμώτεροι</em></strong></span> <span class='ocrx_word' id='word_1_268' title='bbox 557 2151 586 2187; x_wconf 90' lang='lat' dir='ltr'>P</span> <span class='ocrx_word' id='word_1_269' title='bbox 657 2152 876 2197; x_wconf 84' lang='grc' dir='ltr'><strong><em>*τιμωιρίαι</em></strong></span> <span class='ocrx_word' id='word_1_270' title='bbox 901 2153 934 2187; x_wconf 88' lang='grc' dir='ltr'><strong>Α</strong></span> <span class='ocrx_word' id='word_1_271' title='bbox 1003 2153 1061 2198; x_wconf 79' lang='grc' dir='ltr'><strong><em>τῇ]</em></strong></span> <span class='ocrx_word' id='word_1_272' title='bbox 1086 2154 1154 2188; x_wconf 84' lang='grc' dir='ltr'><strong><em>τοῦ</em></strong></span> <span class='ocrx_word' id='word_1_273' title='bbox 1178 2151 1264 2193; x_wconf 88' lang='lat' dir='ltr'><strong><em>AM,</em></strong></span> <span class='ocrx_word' id='word_1_274' title='bbox 1289 2161 1357 2186; x_wconf 87' lang='lat' dir='ltr'><strong><em>om.</em></strong></span> <span class='ocrx_word' id='word_1_275' title='bbox 1377 2150 1409 2184; x_wconf 89' lang='lat' dir='ltr'>E</span> <span class='ocrx_word' id='word_1_276' title='bbox 1482 2153 1521 2184; x_wconf 80' lang='lat'><strong><em>10</em></strong></span> <span class='ocrx_word' id='word_1_277' title='bbox 1548 2145 1812 2195; x_wconf 75' lang='grc' dir='ltr'><strong><em>*ωρμαῖκεσαν</em></strong></span> <span class='ocrx_word' id='word_1_278' title='bbox 1835 2150 1864 2186; x_wconf 90' lang='grc' dir='ltr'>Ρ</span> 
     </span>
     <span class='ocr_line' id='line_1_33' title="bbox 237 2203 1843 2253; baseline -0.002 -7"><span class='ocrx_word' id='word_1_279' title='bbox 237 2212 418 2251; x_wconf 62' lang='grc' dir='ltr'><strong><em>τοσῶνδε]</em></strong></span> <span class='ocrx_word' id='word_1_280' title='bbox 445 2208 590 2244; x_wconf 84' lang='lat' dir='ltr'>Bekker</span> <span class='ocrx_word' id='word_1_281' title='bbox 614 2211 769 2245; x_wconf 79' lang='grc' dir='ltr'><strong><em>τοιῶνδε</em></strong></span> <span class='ocrx_word' id='word_1_282' title='bbox 796 2209 900 2244; x_wconf 87' lang='lat' dir='ltr'>codd.</span> <span class='ocrx_word' id='word_1_283' title='bbox 926 2209 958 2243; x_wconf 90' lang='lat' dir='ltr'><strong>E</strong></span> <span class='ocrx_word' id='word_1_284' title='bbox 983 2208 1129 2243; x_wconf 77' lang='lat' dir='ltr'><strong><em>diuersa</em></strong></span> <span class='ocrx_word' id='word_1_285' title='bbox 1153 2208 1225 2243; x_wconf 82' lang='lat' dir='ltr'><strong><em>Lat</em></strong></span> <span class='ocrx_word' id='word_1_286' title='bbox 1340 2203 1755 2253; x_wconf 74' lang='grc' dir='ltr'><strong><em>*στρατοπαιδεύονται</em></strong></span> <span class='ocrx_word' id='word_1_287' title='bbox 1779 2206 1843 2242; x_wconf 83' lang='lat' dir='ltr'><strong><em>PA</em></strong></span> 
     </span>
     <span class='ocr_line' id='line_1_34' title="bbox 241 2262 1909 2311; baseline -0.002 -10"><span class='ocrx_word' id='word_1_288' title='bbox 241 2272 275 2302; x_wconf 79' lang='lat'><strong><em>11</em></strong></span> <span class='ocrx_word' id='word_1_289' title='bbox 307 2266 372 2302; x_wconf 73' lang='grc' dir='ltr'><strong><em>*οἳ</em></strong></span> <span class='ocrx_word' id='word_1_290' title='bbox 397 2266 466 2311; x_wconf 80' lang='grc' dir='ltr'><strong><em>μέν</em></strong></span> <span class='ocrx_word' id='word_1_291' title='bbox 490 2286 534 2290; x_wconf 84' lang='lat'>—</span> <span class='ocrx_word' id='word_1_292' title='bbox 562 2269 601 2299; x_wconf 81' lang='grc'><strong>13</strong></span> <span class='ocrx_word' id='word_1_293' title='bbox 627 2262 744 2311; x_wconf 78' lang='grc' dir='ltr'><strong><em>εἶχον]</em></strong></span> <span class='ocrx_word' id='word_1_294' title='bbox 778 2275 858 2300; x_wconf 90' lang='lat' dir='ltr'><strong><em>cum</em></strong></span> <span class='ocrx_word' id='word_1_295' title='bbox 888 2265 986 2300; x_wconf 82' lang='lat' dir='ltr'>trina</span> <span class='ocrx_word' id='word_1_296' title='bbox 1016 2265 1153 2300; x_wconf 82' lang='lat' dir='ltr'>fuerint</span> <span class='ocrx_word' id='word_1_297' title='bbox 1176 2268 1314 2307; x_wconf 82' lang='lat' dir='ltr'><strong>castra,</strong></span> <span class='ocrx_word' id='word_1_298' title='bbox 1349 2274 1422 2298; x_wconf 79' lang='lat' dir='ltr'><strong><em>una</em></strong></span> <span class='ocrx_word' id='word_1_299' title='bbox 1445 2274 1468 2298; x_wconf 80' lang='lat' dir='ltr'>a</span> <span class='ocrx_word' id='word_1_300' title='bbox 1493 2263 1750 2308; x_wconf 76' lang='lat' dir='ltr'>septemtrione</span> <span class='ocrx_word' id='word_1_301' title='bbox 1772 2263 1909 2309; x_wconf 86' lang='lat' dir='ltr'>templi,</span> 
     </span>
     <span class='ocr_line' id='line_1_35' title="bbox 237 2319 1911 2367; baseline -0.002 -8"><span class='ocrx_word' id='word_1_302' title='bbox 237 2324 354 2359; x_wconf 77' lang='lat' dir='ltr'>altera</span> <span class='ocrx_word' id='word_1_303' title='bbox 378 2334 400 2358; x_wconf 85' lang='lat' dir='ltr'>a</span> <span class='ocrx_word' id='word_1_304' title='bbox 423 2321 572 2357; x_wconf 80' lang='lat' dir='ltr'>meridie</span> <span class='ocrx_word' id='word_1_305' title='bbox 596 2332 711 2366; x_wconf 87' lang='lat' dir='ltr'>prope</span> <span class='ocrx_word' id='word_1_306' title='bbox 735 2322 1032 2367; x_wconf 87' lang='lat' dir='ltr'>hippodromum,</span> <span class='ocrx_word' id='word_1_307' title='bbox 1064 2322 1174 2357; x_wconf 83' lang='lat' dir='ltr'>tertia</span> <span class='ocrx_word' id='word_1_308' title='bbox 1204 2321 1249 2356; x_wconf 83' lang='lat' dir='ltr'><strong><em>ab</em></strong></span> <span class='ocrx_word' id='word_1_309' title='bbox 1285 2321 1474 2356; x_wconf 82' lang='lat' dir='ltr'>occidente</span> <span class='ocrx_word' id='word_1_310' title='bbox 1499 2320 1597 2365; x_wconf 81' lang='lat' dir='ltr'>apud</span> <span class='ocrx_word' id='word_1_311' title='bbox 1622 2319 1776 2364; x_wconf 77' lang='lat' dir='ltr'>regiam,</span> <span class='ocrx_word' id='word_1_312' title='bbox 1800 2323 1842 2356; x_wconf 85' lang='lat' dir='ltr'><strong><em>ut</em></strong></span> <span class='ocrx_word' id='word_1_313' title='bbox 1865 2330 1911 2355; x_wconf 84' lang='lat' dir='ltr'><strong><em>ex</em></strong></span> 
     </span>
     <span class='ocr_line' id='line_1_36' title="bbox 237 2373 1911 2424; baseline -0.001 -10"><span class='ocrx_word' id='word_1_314' title='bbox 237 2380 319 2415; x_wconf 89' lang='lat' dir='ltr'>bell.</span> <span class='ocrx_word' id='word_1_315' title='bbox 351 2380 429 2414; x_wconf 86' lang='lat' dir='ltr'>Iud.</span> <span class='ocrx_word' id='word_1_316' title='bbox 460 2381 633 2424; x_wconf 80' lang='lat' dir='ltr'>apparet,</span> <span class='ocrx_word' id='word_1_317' title='bbox 670 2378 723 2413; x_wconf 82' lang='lat' dir='ltr'><strong><em>sic</em></strong></span> <span class='ocrx_word' id='word_1_318' title='bbox 759 2378 835 2413; x_wconf 86' lang='lat' dir='ltr'>fere</span> <span class='ocrx_word' id='word_1_319' title='bbox 872 2379 962 2413; x_wconf 84' lang='lat' dir='ltr'>haec</span> <span class='ocrx_word' id='word_1_320' title='bbox 998 2378 1208 2423; x_wconf 84' lang='lat' dir='ltr'>refingenda</span> <span class='ocrx_word' id='word_1_321' title='bbox 1244 2381 1346 2413; x_wconf 87' lang='lat' dir='ltr'><strong>sunt:</strong></span> <span class='ocrx_word' id='word_1_322' title='bbox 1385 2376 1421 2413; x_wconf 76' lang='grc' dir='ltr'><strong><em>οὶ</em></strong></span> <span class='ocrx_word' id='word_1_323' title='bbox 1456 2376 1525 2421; x_wconf 72' lang='grc' dir='ltr'><strong><em>μὲν</em></strong></span> <span class='ocrx_word' id='word_1_324' title='bbox 1563 2373 1632 2412; x_wconf 76' lang='grc' dir='ltr'><strong><em>τὸν</em></strong></span> <span class='ocrx_word' id='word_1_325' title='bbox 1667 2374 1911 2424; x_wconf 77' lang='grc' dir='ltr'><strong><em>ἱππόδρομον</em></strong></span> 
     </span>
     <span class='ocr_line' id='line_1_37' title="bbox 237 2431 1908 2482; baseline -0.002 -9"><span class='ocrx_word' id='word_1_326' title='bbox 237 2433 507 2482; x_wconf 67' lang='grc' dir='ltr'><strong><em>ἀπολαβόντες</em></strong></span> <span class='ocrx_word' id='word_1_327' title='bbox 531 2437 600 2471; x_wconf 79' lang='grc' dir='ltr'><strong><em>τοῦ</em></strong></span> <span class='ocrx_word' id='word_1_328' title='bbox 625 2433 731 2481; x_wconf 75' lang='grc' dir='ltr'><strong><em>ἱεροῦ</em></strong></span> <span class='ocrx_word' id='word_1_329' title='bbox 755 2431 854 2482; x_wconf 84' lang='grc' dir='ltr'><strong><em>πρὸς</em></strong></span> <span class='ocrx_word' id='word_1_330' title='bbox 875 2436 1118 2482; x_wconf 76' lang='grc' dir='ltr'><strong><em>μεσημβρίαν</em></strong></span> <span class='ocrx_word' id='word_1_331' title='bbox 1136 2434 1398 2478; x_wconf 69' lang='grc' dir='ltr'><strong><em>τετραμμένοι,</em></strong></span> <span class='ocrx_word' id='word_1_332' title='bbox 1429 2435 1493 2469; x_wconf 79' lang='grc' dir='ltr'><strong><em>καὶ</em></strong></span> <span class='ocrx_word' id='word_1_333' title='bbox 1518 2435 1596 2469; x_wconf 73' lang='grc' dir='ltr'><strong><em>τῶν</em></strong></span> <span class='ocrx_word' id='word_1_334' title='bbox 1612 2432 1651 2470; x_wconf 79' lang='grc' dir='ltr'><strong><em>δὲ</em></strong></span> <span class='ocrx_word' id='word_1_335' title='bbox 1675 2436 1820 2469; x_wconf 79' lang='grc' dir='ltr'><strong><em>λοιπῶν</em></strong></span> <span class='ocrx_word' id='word_1_336' title='bbox 1843 2431 1908 2470; x_wconf 79' lang='grc' dir='ltr'><strong><em>δύο</em></strong></span> 
     </span>
     <span class='ocr_line' id='line_1_38' title="bbox 236 2488 1910 2540; baseline -0.002 -11"><span class='ocrx_word' id='word_1_337' title='bbox 236 2496 364 2540; x_wconf 71' lang='grc' dir='ltr'><strong><em>μερῶν</em></strong></span> <span class='ocrx_word' id='word_1_338' title='bbox 390 2491 425 2529; x_wconf 75' lang='grc' dir='ltr'><strong><em>οἱ</em></strong></span> <span class='ocrx_word' id='word_1_339' title='bbox 449 2492 519 2537; x_wconf 73' lang='grc' dir='ltr'><strong><em>μὲν</em></strong></span> <span class='ocrx_word' id='word_1_340' title='bbox 544 2489 590 2528; x_wconf 89' lang='grc' dir='ltr'><strong><em>τὸ</em></strong></span> <span class='ocrx_word' id='word_1_341' title='bbox 615 2490 777 2539; x_wconf 78' lang='grc' dir='ltr'><strong><em>βόρειον</em></strong></span> <span class='ocrx_word' id='word_1_342' title='bbox 802 2488 917 2538; x_wconf 75' lang='grc' dir='ltr'><strong><em>εἶχον,</em></strong></span> <span class='ocrx_word' id='word_1_343' title='bbox 941 2498 1058 2538; x_wconf 84' lang='grc' dir='ltr'><strong><em>μοῖρα</em></strong></span> <span class='ocrx_word' id='word_1_344' title='bbox 1084 2492 1123 2528; x_wconf 73' lang='grc' dir='ltr'><strong><em>δὲ</em></strong></span> <span class='ocrx_word' id='word_1_345' title='bbox 1148 2488 1292 2535; x_wconf 79' lang='grc' dir='ltr'><strong><em>αι’·τιῦν,-</em></strong></span> <span class='ocrx_word' id='word_1_346' title='bbox 1322 2502 1407 2526; x_wconf 82' lang='lat' dir='ltr'><strong><em>nam</em></strong></span> <span class='ocrx_word' id='word_1_347' title='bbox 1431 2490 1608 2525; x_wconf 81' lang='lat' dir='ltr'>orientale</span> <span class='ocrx_word' id='word_1_348' title='bbox 1632 2490 1728 2525; x_wconf 79' lang='lat' dir='ltr'><strong>latus</strong></span> <span class='ocrx_word' id='word_1_349' title='bbox 1753 2499 1910 2535; x_wconf 80' lang='lat' dir='ltr'>occupa·</span> 
     </span>
     <span class='ocr_line' id='line_1_39' title="bbox 236 2543 1911 2585; baseline -0.001 0"><span class='ocrx_word' id='word_1_350' title='bbox 236 2554 312 2585; x_wconf 85' lang='lat' dir='ltr'><strong><em>tum</em></strong></span> <span class='ocrx_word' id='word_1_351' title='bbox 336 2560 410 2585; x_wconf 88' lang='lat' dir='ltr'><strong><em>non</em></strong></span> <span class='ocrx_word' id='word_1_352' title='bbox 435 2552 515 2584; x_wconf 83' lang='lat' dir='ltr'>erat</span> <span class='ocrx_word' id='word_1_353' title='bbox 622 2544 918 2585; x_wconf 81' lang='grc' dir='ltr'><strong><em>*οἷπολαὺοντεσ</em></strong></span> <span class='ocrx_word' id='word_1_354' title='bbox 941 2549 979 2584; x_wconf 88' lang='grc' dir='ltr'><strong>Μ</strong></span> <span class='ocrx_word' id='word_1_355' title='bbox 1088 2550 1152 2584; x_wconf 82' lang='grc' dir='ltr'><strong><em>καὶ</em></strong></span> <span class='ocrx_word' id='word_1_356' title='bbox 1177 2559 1245 2583; x_wconf 90' lang='lat' dir='ltr'><strong><em>om.</em></strong></span> <span class='ocrx_word' id='word_1_357' title='bbox 1273 2548 1305 2582; x_wconf 90' lang='lat' dir='ltr'>E</span> <span class='ocrx_word' id='word_1_358' title='bbox 1398 2547 1436 2584; x_wconf 78' lang='grc' dir='ltr'><strong><em>δὲ</em></strong></span> <span class='ocrx_word' id='word_1_359' title='bbox 1461 2557 1553 2582; x_wconf 84' lang='lat' dir='ltr'>eras.</span> <span class='ocrx_word' id='word_1_360' title='bbox 1579 2547 1612 2579; x_wconf 89' lang='lat' dir='ltr'>A</span> <span class='ocrx_word' id='word_1_361' title='bbox 1707 2548 1748 2580; x_wconf 83' lang='lat'><strong><em>12</em></strong></span> <span class='ocrx_word' id='word_1_362' title='bbox 1773 2543 1911 2583; x_wconf 86' lang='grc' dir='ltr'><strong><em>λοιπὸν</em></strong></span> 
     </span>
     <span class='ocr_line' id='line_1_40' title="bbox 235 2601 1818 2652; baseline -0.003 -10"><span class='ocrx_word' id='word_1_363' title='bbox 235 2607 274 2642; x_wconf 88' lang='lat' dir='ltr'>M</span> <span class='ocrx_word' id='word_1_364' title='bbox 379 2605 485 2648; x_wconf 61' lang='lat'>*5501</span> <span class='ocrx_word' id='word_1_365' title='bbox 511 2601 548 2643; x_wconf 70' lang='grc' dir='ltr'><strong><em>δὲ’</em></strong></span> <span class='ocrx_word' id='word_1_366' title='bbox 573 2602 637 2642; x_wconf 73' lang='grc' dir='ltr'><strong><em>δύο</em></strong></span> <span class='ocrx_word' id='word_1_367' title='bbox 665 2615 709 2640; x_wconf 84' lang='lat' dir='ltr'><strong><em>ex</em></strong></span> <span class='ocrx_word' id='word_1_368' title='bbox 730 2615 822 2641; x_wconf 86' lang='lat' dir='ltr'>corr.</span> <span class='ocrx_word' id='word_1_369' title='bbox 846 2607 880 2640; x_wconf 90' lang='lat' dir='ltr'>A</span> <span class='ocrx_word' id='word_1_370' title='bbox 995 2606 1146 2652; x_wconf 78' lang='grc' dir='ltr'><strong><em>*βορίω</em></strong></span> <span class='ocrx_word' id='word_1_371' title='bbox 1172 2604 1198 2639; x_wconf 92' lang='grc' dir='ltr'>Ρ</span> <span class='ocrx_word' id='word_1_372' title='bbox 1296 2606 1335 2639; x_wconf 88' lang='grc'><strong><em>13</em></strong></span> <span class='ocrx_word' id='word_1_373' title='bbox 1360 2602 1648 2650; x_wconf 71' lang='grc' dir='ltr'><strong><em>*τετραμμένου</em></strong></span> <span class='ocrx_word' id='word_1_374' title='bbox 1675 2602 1818 2647; x_wconf 86' lang='lat' dir='ltr'>Cocceji</span> 
     </span>
     <span class='ocr_line' id='line_1_41' title="bbox 238 2657 1910 2711; baseline -0.004 -12"><span class='ocrx_word' id='word_1_375' title='bbox 238 2661 348 2711; x_wconf 69' lang='grc' dir='ltr'><strong><em>ἑῴαν]</em></strong></span> <span class='ocrx_word' id='word_1_376' title='bbox 376 2661 443 2708; x_wconf 69' lang='grc' dir='ltr'><strong><em>τὴν</em></strong></span> <span class='ocrx_word' id='word_1_377' title='bbox 468 2660 569 2699; x_wconf 69' lang='grc' dir='ltr'><strong><em>ἑώαν</em></strong></span> <span class='ocrx_word' id='word_1_378' title='bbox 593 2661 701 2697; x_wconf 87' lang='grc' dir='ltr'><strong><em>ΑΜΕ</em></strong></span> <span class='ocrx_word' id='word_1_379' title='bbox 793 2659 866 2699; x_wconf 78' lang='grc' dir='ltr'><strong><em>*τὰ</em></strong></span> <span class='ocrx_word' id='word_1_380' title='bbox 893 2683 933 2686; x_wconf 91' lang='grc'>-</span> <span class='ocrx_word' id='word_1_381' title='bbox 958 2665 998 2697; x_wconf 87' lang='grc'><strong><em>14</em></strong></span> <span class='ocrx_word' id='word_1_382' title='bbox 1022 2657 1139 2708; x_wconf 68' lang='grc' dir='ltr'><strong><em>ἥλιον]</em></strong></span> <span class='ocrx_word' id='word_1_383' title='bbox 1165 2661 1418 2707; x_wconf 74' lang='lat' dir='ltr'><strong><em>ippodromnm</em></strong></span> <span class='ocrx_word' id='word_1_384' title='bbox 1444 2661 1538 2695; x_wconf 78' lang='lat' dir='ltr'><em>sicut</em></span> <span class='ocrx_word' id='word_1_385' title='bbox 1562 2659 1723 2694; x_wconf 71' lang='lat' dir='ltr'><strong><em>(Iioeinms</em></strong></span> <span class='ocrx_word' id='word_1_386' title='bbox 1746 2659 1788 2694; x_wconf 81' lang='lat' dir='ltr'><strong><em>ab</em></strong></span> <span class='ocrx_word' id='word_1_387' title='bbox 1817 2660 1910 2694; x_wconf 81' lang='lat' dir='ltr'>occi·</span> 
     </span>
     <span class='ocr_line' id='line_1_42' title="bbox 238 2711 1909 2764; baseline -0.001 -11"><span class='ocrx_word' id='word_1_388' title='bbox 238 2720 343 2755; x_wconf 76' lang='lat' dir='ltr'><strong><em>(lente</em></strong></span> <span class='ocrx_word' id='word_1_389' title='bbox 366 2719 438 2754; x_wconf 81' lang='lat' dir='ltr'><strong><em>Lat</em></strong></span> <span class='ocrx_word' id='word_1_390' title='bbox 558 2722 597 2753; x_wconf 84' lang='grc'><strong>14</strong></span> <span class='ocrx_word' id='word_1_391' title='bbox 623 2715 733 2755; x_wconf 73' lang='grc' dir='ltr'><strong><em>ἔνθεν</em></strong></span> <span class='ocrx_word' id='word_1_392' title='bbox 758 2717 791 2752; x_wconf 90' lang='grc' dir='ltr'><strong>Ε</strong></span> <span class='ocrx_word' id='word_1_393' title='bbox 909 2722 948 2753; x_wconf 88' lang='lat'><strong><em>15</em></strong></span> <span class='ocrx_word' id='word_1_394' title='bbox 974 2715 1251 2764; x_wconf 73' lang='grc' dir='ltr'><strong><em>*πανταχόθεν</em></strong></span> <span class='ocrx_word' id='word_1_395' title='bbox 1274 2718 1313 2753; x_wconf 84' lang='grc' dir='ltr'>Μ</span> <span class='ocrx_word' id='word_1_396' title='bbox 1422 2719 1460 2750; x_wconf 78' lang='grc'><strong>16</strong></span> <span class='ocrx_word' id='word_1_397' title='bbox 1486 2711 1851 2759; x_wconf 72' lang='grc' dir='ltr'><strong><em>ἀποκεκλεισμένων]</em></strong></span> <span class='ocrx_word' id='word_1_398' title='bbox 1876 2715 1909 2751; x_wconf 87' lang='grc' dir='ltr'>Ε</span> 
     </span>
     <span class='ocr_line' id='line_1_43' title="bbox 238 2767 1910 2820; baseline -0.003 -9"><span class='ocrx_word' id='word_1_399' title='bbox 238 2780 275 2812; x_wconf 82' lang='lat' dir='ltr'><strong><em>et</em></strong></span> <span class='ocrx_word' id='word_1_400' title='bbox 300 2779 339 2811; x_wconf 89' lang='lat' dir='ltr'><strong><em>ut</em></strong></span> <span class='ocrx_word' id='word_1_401' title='bbox 364 2777 436 2811; x_wconf 87' lang='lat' dir='ltr'>uid.</span> <span class='ocrx_word' id='word_1_402' title='bbox 463 2776 534 2811; x_wconf 82' lang='lat' dir='ltr'><strong><em>Lat</em></strong></span> <span class='ocrx_word' id='word_1_403' title='bbox 558 2771 920 2820; x_wconf 69' lang='grc' dir='ltr'><strong><em>ιῖποκεκλεισμένοισ</em></strong></span> <span class='ocrx_word' id='word_1_404' title='bbox 949 2775 1053 2810; x_wconf 86' lang='lat' dir='ltr'>codd.</span> <span class='ocrx_word' id='word_1_405' title='bbox 1137 2771 1238 2816; x_wconf 73' lang='grc' dir='ltr'><strong><em>τότε]</em></strong></span> <span class='ocrx_word' id='word_1_406' title='bbox 1264 2771 1352 2810; x_wconf 85' lang='grc' dir='ltr'><strong><em>τότε</em></strong></span> <span class='ocrx_word' id='word_1_407' title='bbox 1378 2770 1423 2810; x_wconf 76' lang='grc' dir='ltr'><strong><em>τὸ</em></strong></span> <span class='ocrx_word' id='word_1_408' title='bbox 1448 2773 1480 2807; x_wconf 88' lang='grc' dir='ltr'>Ε</span> <span class='ocrx_word' id='word_1_409' title='bbox 1571 2775 1608 2806; x_wconf 79' lang='grc'><strong>18</strong></span> <span class='ocrx_word' id='word_1_410' title='bbox 1635 2767 1845 2817; x_wconf 75' lang='grc' dir='ltr'><strong><em>*ἡττῆσθαι</em></strong></span> <span class='ocrx_word' id='word_1_411' title='bbox 1870 2771 1910 2807; x_wconf 82' lang='lat' dir='ltr'>M</span> 
     </span>
    </p>

    <p class='ocr_par' dir='ltr' id='par_1_11' title="bbox 238 2823 1911 2991">
     <span class='ocr_line' id='line_1_44' title="bbox 352 2823 1865 2879; baseline -0.002 -12"><span class='ocrx_word' id='word_1_412' title='bbox 352 2832 477 2868; x_wconf 73' lang='grc' dir='ltr'><strong><em>θι-’λι-ιν</em></strong></span> <span class='ocrx_word' id='word_1_413' title='bbox 501 2833 539 2867; x_wconf 87' lang='lat' dir='ltr'>M</span> <span class='ocrx_word' id='word_1_414' title='bbox 655 2827 772 2879; x_wconf 73' lang='grc' dir='ltr'><strong><em>α’ρετῆ</em></strong></span> <span class='ocrx_word' id='word_1_415' title='bbox 797 2833 835 2867; x_wconf 92' lang='grc' dir='ltr'><strong>Μ</strong></span> <span class='ocrx_word' id='word_1_416' title='bbox 950 2832 974 2867; x_wconf 88' lang='lat' dir='ltr'><strong><em>i.</em></strong></span> <span class='ocrx_word' id='word_1_417' title='bbox 999 2843 1108 2877; x_wconf 78' lang='lat' dir='ltr'>marg.</span> <span class='ocrx_word' id='word_1_418' title='bbox 1133 2845 1181 2878; x_wconf 71' lang='grc' dir='ltr'><strong><em>γρ</em></strong></span> <span class='ocrx_word' id='word_1_419' title='bbox 1206 2826 1321 2877; x_wconf 59' lang='grc' dir='ltr'><strong><em>α’ρετὴ</em></strong></span> <span class='ocrx_word' id='word_1_420' title='bbox 1347 2831 1516 2876; x_wconf 78' lang='grc' dir='ltr'><strong><em>κρίναιτο</em></strong></span> <span class='ocrx_word' id='word_1_421' title='bbox 1544 2825 1602 2865; x_wconf 75' lang='lat' dir='ltr'><strong>c&#39;c&#39;r.</strong></span> <span class='ocrx_word' id='word_1_422' title='bbox 1628 2823 1672 2863; x_wconf 84' lang='grc' dir='ltr'><strong><em>τὸ</em></strong></span> <span class='ocrx_word' id='word_1_423' title='bbox 1701 2830 1808 2864; x_wconf 76' lang='grc' dir='ltr'><strong><em>νικᾶν</em></strong></span> <span class='ocrx_word' id='word_1_424' title='bbox 1832 2831 1865 2864; x_wconf 82' lang='grc' dir='ltr'><strong>Α</strong></span> 
     </span>
     <span class='ocr_line' id='line_1_45' title="bbox 238 2880 1911 2935; baseline -0.003 -10"><span class='ocrx_word' id='word_1_425' title='bbox 238 2887 547 2935; x_wconf 79' lang='grc' dir='ltr'><strong><em>*παραχρῆματά</em></strong></span> <span class='ocrx_word' id='word_1_426' title='bbox 574 2902 611 2925; x_wconf 83' lang='grc' dir='ltr'><strong><em>τε</em></strong></span> <span class='ocrx_word' id='word_1_427' title='bbox 639 2889 677 2923; x_wconf 90' lang='grc' dir='ltr'><strong>Μ</strong></span> <span class='ocrx_word' id='word_1_428' title='bbox 779 2892 820 2924; x_wconf 73' lang='grc'><strong>19</strong></span> <span class='ocrx_word' id='word_1_429' title='bbox 845 2885 991 2935; x_wconf 59' lang='grc' dir='ltr'><strong><em>ἔπεμψε</em></strong></span> <span class='ocrx_word' id='word_1_430' title='bbox 1018 2888 1051 2923; x_wconf 89' lang='grc' dir='ltr'>Ε</span> <span class='ocrx_word' id='word_1_431' title='bbox 1155 2890 1197 2922; x_wconf 82' lang='grc'><strong><em>20</em></strong></span> <span class='ocrx_word' id='word_1_432' title='bbox 1223 2883 1355 2929; x_wconf 62' lang='lat' dir='ltr'><strong><em>*dn-lez,</em></strong></span> <span class='ocrx_word' id='word_1_433' title='bbox 1381 2888 1426 2923; x_wconf 70' lang='grc' dir='ltr'><strong><em>ιἐι</em></strong></span> <span class='ocrx_word' id='word_1_434' title='bbox 1453 2887 1475 2921; x_wconf 90' lang='lat' dir='ltr'><strong><em>i.</em></strong></span> <span class='ocrx_word' id='word_1_435' title='bbox 1501 2896 1572 2921; x_wconf 81' lang='lat' dir='ltr'>ras.</span> <span class='ocrx_word' id='word_1_436' title='bbox 1599 2886 1631 2918; x_wconf 83' lang='lat' dir='ltr'>A</span> <span class='ocrx_word' id='word_1_437' title='bbox 1731 2880 1850 2927; x_wconf 76' lang='grc' dir='ltr'><strong><em>ὀξέος]</em></strong></span> <span class='ocrx_word' id='word_1_438' title='bbox 1878 2883 1911 2920; x_wconf 88' lang='grc' dir='ltr'><strong>Ε</strong></span> 
     </span>
     <span class='ocr_line' id='line_1_46' title="bbox 241 2943 1251 2991; baseline -0.004 -8"><span class='ocrx_word' id='word_1_439' title='bbox 241 2943 360 2990; x_wconf 73' lang='grc' dir='ltr'><strong><em>ὀξίωσ</em></strong></span> <span class='ocrx_word' id='word_1_440' title='bbox 386 2946 489 2980; x_wconf 75' lang='lat' dir='ltr'>codd.</span> <span class='ocrx_word' id='word_1_441' title='bbox 572 2944 883 2991; x_wconf 68' lang='grc' dir='ltr'><strong><em>*ἐνκατιιληφθὲν</em></strong></span> <span class='ocrx_word' id='word_1_442' title='bbox 907 2945 934 2980; x_wconf 89' lang='lat' dir='ltr'>P</span> <span class='ocrx_word' id='word_1_443' title='bbox 1029 2948 1066 2980; x_wconf 80' lang='lat'><strong><em>21</em></strong></span> <span class='ocrx_word' id='word_1_444' title='bbox 1097 2945 1153 2981; x_wconf 68' lang='grc' dir='ltr'><strong><em>εἰσ</em></strong></span> <span class='ocrx_word' id='word_1_445' title='bbox 1178 2944 1251 2979; x_wconf 84' lang='grc' dir='ltr'><strong><em>ΑΜ</em></strong></span> 
     </span>
    </p>
   </div>
   <div class='ocr_carea' id='block_1_9' title="bbox 1923 0 2074 3392">
    <p class='ocr_par' dir='ltr' id='par_1_12' title="bbox 1923 0 2074 3392">
     <span class='ocr_line' id='line_1_47' title="bbox 1923 0 2074 3392; baseline 0 0"><span class='ocrx_word' id='word_1_446' title='bbox 1923 0 2074 3392; x_wconf 95' lang='lat' dir='ltr'><strong><em> </em></strong></span> 
     </span>
    </p>
   </div>
  </div>
 </body>
</html>
