2074 3392
201 301 283 343 286
313 314 424 341 ποτε
456 298 699 342 θεάσαιντο
731 297 809 341 τὸν
839 293 1038 353 ουρανόν.
1098 293 1210 341 ώστε
1241 298 1292 354 δὴ
1325 298 1426 342 τότε
1455 299 1626 341 πολλοῦ
1662 300 1735 342 καὶ
1765 297 1890 355 παρὰ
1919 298 1969 343 τὸ

200 707 281 748 287

201 1044 281 1086 288

200 1315 281 1357 289

201 1587 283 1627 290

316 184 395 222 192
728 184 891 228 ANTIQ.
916 184 1012 220 IUD.
1038 183 1160 220 XVIII
1185 187 1362 220 285—290
1385 186 1469 228 (vm.
1485 189 1560 229 sa)

314 364 479 416 εἰωθὸς
516 367 588 409 καὶ
628 364 751 421 παρὰ
790 365 840 408 τὸ
881 364 1015 420 ἑτέρω
1047 363 1178 415 δόξαν
1209 360 1451 444 ἀφιγμένοι
1481 366 1642 416 ὕδατος
1671 374 1766 416 τοῖς
1794 382 1843 409 τε
1865 361 1972 410 ²Iov-
2032 381 2033 410 1

314 434 458 483 δαίοις
497 432 624 484 ἐλπὶς
662 431 713 490 ἦν
753 428 828 475 ἐπ
873 427 1084 486 οὐδαμοῖς
1125 428 1353 490 ἀτυχήσειν
1384 433 1639 489 Πετρώνιον
1678 430 1788 490 ὑπὲρ
1829 429 1991 477 αὐτῶν
2033 449 2035 452 ⁴

313 501 539 555 δεόμεν,ον
580 501 605 544 ὅ
636 517 682 544 τε
720 500 976 555 Πετρώνιος
1019 501 1351 557 κατεπέπληκτο
1382 501 1593 555 μειζόνως
1631 498 1746 556 ὁρῶν
1784 499 1974 557 ἐναργῶς

311 567 388 611 τὸν
418 567 529 611 θεὸν
559 572 646 612 τῶν
671 565 897 612 Ἰουδαίων
929 566 1301 624 προμηθούμενον
1331 570 1401 611 καὶ
1434 568 1604 624 πολλὴν
1626 563 1974 626 ἀποσημήναντα
1999 577 2019 612 ὅ

310 636 389 693 τὴν
421 636 700 694 ἐπιφάνειαν,
733 633 792 686 ῶς
822 632 926 692 μηδ’
963 629 1015 678 ἀν
1045 643 1140 685 τοῖς
1171 635 1280 691 ἔργῳ
1311 640 1610 691 προθεμένοις
1630 631 1842 680 τάναντία
1863 653 1974 694 φρο-

314 714 402 748 νεῖν
435 703 555 758 ἰσχὺν
588 700 846 754 ἀντιλέξεως
875 703 1243 760 καταλελεῖφθαι.
1303 700 1364 753 ῶς
1403 704 1449 746 δὲ
1482 706 1551 747 καὶ
1585 702 1700 759 πρὸς
1729 702 1806 746 τὸν
1838 703 1974 747 Γάιον

314 771 391 815 σὺν
431 782 523 823 τοῖς
562 774 739 821 λοιποῖς
777 769 927 814 ὁπόσα
965 771 1174 827 ἔγραφεν,
1216 769 1423 826 ἐπαγωγὰ
1463 772 1510 815 δὲ
1550 763 1600 827 ἦν
1638 770 1693 814 τὰ
1724 771 1873 813 πάντα
1902 773 1974 814 καὶ

312 845 539 890 παντοίως
561 841 903 894 παρακαλοῦντα
923 837 979 895 μὴ
1004 837 1222 888 τοσαύτας
1242 838 1460 894 μυριάδας
1477 834 1734 894 ἀνθρώπων
1751 834 1974 891 ἀπονοεῖν,

315 909 365 959 ἃς
397 908 435 950 εἰ
465 911 640 958 κτείνοι,
672 903 720 949 οέ
752 906 834 962 γὰρ
866 906 965 960 δίχα
994 922 1042 962 γε
1072 906 1269 959 πολέμου
1307 906 1644 962 παραχωρήσειν
1674 909 1751 949 τοῦ
1789 910 1976 961 νομίμου
2004 915 2032 951 u

312 978 388 1032 τῆς
418 979 672 1032 θρησκείας,
704 973 930 1029 προσόδου
960 990 1008 1017 τε
1038 976 1115 1030 τῆς
1147 969 1227 1016 ἀπ)
1265 967 1408 1015 αἰτῶν
1440 969 1794 1029 ἀποστερεῖσθαι
1820 975 1977 1030 καὶτῷ

314 1047 517 1099 τροπαίῳ
549 1045 625 1098 τῆς
647 1038 756 1096 ἀρᾶς
779 1039 1089 1085 ὑποτίθεσθαι.
1111 1040 1186 1084 τὸν
1207 1041 1424 1094 μέλλοντα
1447 1041 1598 1084 αἰῶνα.
1656 1039 1826 1092 κόἷλλως
1846 1044 1976 1085 θείου

312 1114 388 1154 τοῦ
420 1110 745 1168 προεστηκότος
777 1106 920 1152 αἰτῶν
951 1109 1029 1167 τὴν
1060 1109 1244 1163 δύναμιν
1283 1106 1342 1159 ῶς
1373 1104 1593 1167 ἀκραιφνῆ
1624 1105 1873 1167 ἀπέφαινεν
1902 1111 1977 1153 καὶ

311 1178 446 1236 μηδὲν
478 1177 732 1222 ἐνδοίαστον
766 1177 840 1220 ἐπὶ
873 1177 1055 1232 δυνάμει
1085 1180 1137 1234 τῇ
1171 1173 1302 1234 αὗτῆς
1325 1176 1664 1220 ἐπιδείκνυσθαι
1683 1178 1977 1220 καταλείποιν-

314 1261 408 1288 σαν.
468 1248 538 1288 καὶ
572 1246 827 1301 Πετρώνιος
856 1245 935 1300 μὲν
967 1244 1010 1288 ἐν
1041 1244 1215 1295 τούτοις
1244 1237 1309 1301 ἦν.
2002 1249 2034 1291 fl

429 1318 466 1356 7.
522 1310 778 1369 ζέίγρίππας
810 1313 857 1356 δὲ
888 1309 911 1355 ὅ
941 1312 1162 1367 βασιλεύς,
1196 1312 1421 1368 ἐτύγχανεν
1450 1311 1532 1368 γὰρ
1565 1310 1641 1355 ἐπὶ
1667 1308 1829 1370 Ῥώμης
1860 1312 1978 1355 διαι-

312 1380 517 1435 τώμενος,
550 1380 805 1437 προύκοπτε
836 1381 968 1438 φιλίᾳ
997 1383 1050 1437 τῇ
1081 1380 1196 1435 πρὸς
1215 1379 1291 1423 τὸν
1316 1379 1451 1423 Γάιον
1479 1379 1703 1434 μειζόνως.
1763 1383 1837 1422 καί
1866 1396 1979 1423 ποτε
2008 1412 2010 1418 ,

314 1450 506 1503 τροθεις
547 1449 727 1491 δεῖπνον
767 1443 886 1504 αἰτῶ
923 1450 995 1491 καὶ
1036 1448 1252 1504 πρόιοιαν
1291 1465 1398 1501 εχων
1439 1447 1611 1498 πάντας
1640 1445 1979 1503 ὑπερβαλέσθαι

312 1517 459 1559 τέλεσί
495 1533 541 1560 τε
578 1525 671 1567 τοῖς
710 1532 773 1566 εις
810 1514 859 1558 τὸ
902 1515 1082 1559 δεῖπνον
1113 1518 1186 1560 καὶ
1217 1518 1472 1573 παρασκευῇ
1502 1518 1581 1559 τοῦ
1613 1515 1675 1567 εἰς
1708 1512 1865 1572 ἡδονὴν
1896 1517 1977 1572 φέ-

316 1600 480 1639 ροντος,
513 1582 572 1635 ὡς
600 1583 657 1640 μὴ
692 1584 817 1635 όπως
849 1580 901 1626 άν
930 1601 1031 1627 τινα
1059 1586 1148 1626 τῶν
1181 1585 1363 1636 λοιπῶν,
1396 1579 1508 1626 ἀλλὰ
1537 1578 1644 1641 μηδ’
1681 1579 1814 1626 αὐτὸν
1842 1581 1979 1626 Γάιον
2004 1590 2038 1627 ΙΙ

316 1652 541 1696 πιστεύειν
572 1669 683 1695 ποτε
714 1651 939 1709 ἰσωθῆναι
968 1651 1219 1708 θελήσοντα
1250 1647 1325 1705 οὐχ
1355 1646 1482 1702 ὅπως
1511 1648 1872 1706 ὑπερβαλέσθαι·
1902 1667 1977 1694 το-

519 1717 531 1733 ξ
585 1716 595 1731 )

316 1723 470 1764 σοῦτον
509 1738 532 1763 ο
573 1719 681 1777 ανὴρ
718 1722 772 1777 τῇ
813 1721 1069 1776 παρασκευῇ
1100 1719 1272 1770 πάντας
1302 1716 1517 1775 ὑπερῆρεν
1547 1720 1620 1762 καὶ
1650 1721 1712 1775 τῷ
1743 1717 1798 1762 τὰ
1830 1717 1979 1761 πάντα

427 1910 829 1946 AMWELatZonaras
854 1909 871 1944 1
895 1920 931 1954 p.
958 1911 1023 1944 498
1048 1908 1138 1944 Exc.
1164 1908 1321 1944 Peiresc.

429 1971 445 2003 1
472 1967 693 2009 θεάσαιντο,
717 1980 752 2002 ιν
775 1966 799 2000 i.
825 1977 896 2001 ras.
921 1968 955 2001 A
1047 1962 1088 2010 δὴ
1114 1962 1214 2006 τότε]
1239 1962 1280 2011 δή
1306 1978 1400 2002 ποτε
1424 1966 1456 1999 A
1549 1966 1711 2000 *πολλοὶ
1735 1965 1768 1999 A
1861 1966 1881 1998 2
1907 1962 1980 2000 ἑτέ-

316 2038 397 2071 ρωσ
419 2024 508 2059 ΜΨ
615 2023 818 2070 ἐφιγμένου
841 2022 907 2057 AE
1025 2025 1043 2056 3
1069 2015 1133 2058 ἐπ’
1158 2017 1336 2065 οὐδαμοῖς
1361 2017 1572 2066 εἷ’τιχησειν]
1595 2015 1662 2056 ἐπ’
1688 2015 1872 2064 οὖδαμοῖσ
1896 2015 1980 2056 α’τυ-

313 2079 477 2129 χήμασι·
511 2083 544 2116 A
576 2076 753 2125 οὐδαμῶσ
785 2075 983 2125 ἀτυχήσειν
1007 2078 1095 2113 ΜΨ
1124 2078 1206 2113 eti.
1230 2088 1339 2121 marg
1365 2077 1399 2112 A
1433 2072 1501 2112 οὐκ
1532 2069 1731 2122 ατυχῆσειν
1755 2076 1787 2111 Ε
1819 2076 1857 2110 in
1882 2075 1981 2111 nullo

314 2140 531 2178 frustratum
565 2138 613 2172 iri
644 2137 714 2171 Lat
851 2139 871 2169 4
896 2128 948 2171 *ό
973 2148 1012 2171 τε
1040 2131 1268 2180 Πετρώνιος]
1295 2147 1316 2170 ο
1342 2130 1556 2180 πετρώνιοσ
1581 2132 1619 2169 δὲ
1642 2131 1731 2167 ΜΨ
1866 2145 1982 2168 κατα·
2040 2142 2043 2152 ·

317 2195 507 2241 πέπληκτο
535 2193 580 2228 W
605 2193 840 2239 κατέπληκτο
868 2192 900 2226 Ε
1037 2194 1056 2225 5
1081 2188 1445 2238 *προμηθουμειον.
1480 2204 1500 2235 η
1531 2189 1555 2223 i.
1582 2199 1652 2224 ras.
1682 2189 1715 2223 A
1853 2191 1871 2222 Ἰ
1897 2191 1982 2224 anto

316 2248 368 2294 ὡς
397 2251 565 2287 lacunam
599 2250 728 2285 statuit
759 2249 930 2292 Hudson,
963 2258 997 2282 u.
1026 2250 1044 2282 8
1077 2250 1160 2293 post
1192 2244 1388 2293 *ἔγραφεν
1416 2245 1575 2281 Dindorf
1710 2239 1774 2281 *δ’
1802 2244 1891 2280 ΜΨ

318 2334 336 2366 S
362 2328 528 2372 *πάντα1
554 2326 759 2376 γράμματα
785 2328 878 2364 coni.
997 2330 1037 2362 10
1063 2326 1098 2363 εἰ
1118 2327 1274 2368 κτείνοι]
1299 2326 1436 2362 κτείνει
1462 2325 1500 2360 Μ
1524 2322 1689 2361 ἐκτείνοι
1714 2323 1760 2358 W
1862 2290 1981 2369 νάιμίου

316 2387 355 2422 Μ
431 2391 466 2427 11
492 2401 555 2422 και
580 2388 634 2434 τῷ
659 2406 701 2410 -
731 2386 771 2420 12
797 2384 930 2427 αἰῶνα]
963 2383 1168 2418 memoriam
1201 2382 1307 2417 etiam
1342 2394 1414 2417 non
1445 2381 1575 2415 bonam
1599 2379 1744 2415 romani
1767 2379 1921 2414 nominis
1943 2379 1981 2414 iu

310 2445 522 2491 μοςιοιίοια
547 2447 712 2488 tempora
737 2441 938 2487 derelinqui
963 2440 1045 2483 Lat,
1070 2449 1164 2484 quae
1188 2438 1297 2474 ualde
1320 2438 1501 2479 arrident;
1524 2436 1564 2471 in
1588 2438 1642 2482 τῷ
1660 2436 1834 2484 τροπαίῳ
1849 2435 1980 2473 Rom}-

317 2511 444 2536 norum
468 2499 602 2535 mentio
626 2499 740 2534 latere
754 2501 885 2542 potest
1009 2499 1048 2532 12·
1075 2496 1260 2544 τροπαίῳ]
1285 2490 1540 2542 ἀποτροπαίῳ
1567 2492 1710 2537 Cocceji
1823 2490 1982 2537 κᾶλλως]

316 2559 380 2594 καὶ
405 2556 533 2593 άλλωσ
557 2555 644 2590 ΜΨ
669 2557 732 2591 καὶ
755 2557 886 2591 καλῶσ
911 2555 942 2588 Α
1059 2554 1207 2593 *θειόι,
1233 2564 1276 2587 οι
1300 2551 1323 2586 i.
1348 2562 1418 2587 ras.
1443 2552 1477 2586 A
1600 2551 1638 2584 13
1664 2546 1877 2597 ακραιφνῆ-
1905 2551 1938 2586 A

317 2609 549 2659 ἀποφαίνειν
580 2614 661 2650 καὶ,
697 2626 740 2647 νκ
769 2611 892 2656 paullo
922 2609 1085 2655 pressius
1117 2609 1255 2653 scripta
1278 2609 1311 2643 A
1452 2609 1492 2641 14
1515 2603 1755 2648 ἐνδοιαστὸν,
1788 2619 1823 2643 οι
1847 2606 1870 2642 i.
1898 2616 1982 2651 m„

317 2674 507 2706 accentum
533 2669 651 2714 suppl.
676 2680 722 2703 m.
751 2672 764 2703 1
787 2669 819 2703 A
911 2663 1064 2711 δύναμιν
1088 2662 1155 2712 τὴν
1171 2664 1258 2700 MW
1350 2666 1636 2700 καταλιποῦσαν
1658 2662 1698 2697 Μ
1721 2665 1980 2700 καταλιποῦσα

318 2727 362 2761 W
438 2730 476 2762 15
501 2724 553 2767 ἐν]
579 2724 640 2762 ἐπὶ
665 2725 703 2760 Μ
777 2727 815 2759 16
839 2723 950 2768 incip.
975 2723 1066 2758 Exc.
1147 2725 1184 2757 17
1211 2718 1483 2768 *προύκοπτεν
1507 2719 1554 2755 W
1628 2722 1666 2755 18
1692 2721 1882 2767 προσθεὶσ
1905 2719 1937 2755 Ε

317 2780 614 2830 ὑπερβαλέσθαι]
642 2782 761 2817 EExc
785 2777 1091 2828 υπερβαλλέσθαι
1117 2779 1220 2815 codd.
1349 2780 1386 2812 21
1416 2773 1603 2814 πιστεύειν
1627 2787 1694 2811 om.
1718 2776 1806 2811 MW
1816 2776 1892 2812 Exc

318 2837 534 2885 θελήσαντα
560 2838 649 2874 ΜΨ
720 2835 1029 2885 ἰπερβάλλεσθαι
1055 2837 1102 2870 Α“
1128 2832 1432 2882 ἱᾚερβαϋέσθαι
1458 2833 1496 2868 Μ
1583 2834 1768 2868 τοσοῦτον
1791 2852 1835 2858 -
1863 2834 1936 2876 193,
1963 2834 1978 2868 1

318 2901 531 2942 παρασχεῖν
556 2906 622 2931 om.
650 2894 721 2930 Lat
825 2896 867 2929 22
894 2892 914 2930 o'
942 2903 1009 2928 om.
1034 2891 1203 2927 MWExc
1319 2886 1414 2937 ἀνὴρ
1439 2892 1484 2935 τῇ
1508 2891 1742 2935 παρασκειῇ]
1766 2884 1859 2936 α’νερ
1950 2903 1981 2934 η,

320 2953 414 2988 inter
440 2966 460 2996 ρ
486 2957 522 2987 et
548 2967 567 2998 η
591 2952 723 2987 lacuna
748 2961 802 2986 ca.
830 2953 848 2985 S
873 2950 942 2986 litt.
969 2949 1048 2984 Exc
1141 2943 1318 2985 ἅπαντασ
1342 2946 1373 2982 Ε
