<?xml version="1.0" encoding="UTF-8"?>
<!DOCTYPE html PUBLIC "-//W3C//DTD XHTML 1.0 Transitional//EN"
    "http://www.w3.org/TR/xhtml1/DTD/xhtml1-transitional.dtd">
<html xmlns="http://www.w3.org/1999/xhtml" xml:lang="en" lang="en">
 <head>
  <title>
</title>
<meta http-equiv="Content-Type" content="text/html;charset=utf-8" />
  <meta name='ocr-system' content='tesseract 3.04.00' />
  <meta name='ocr-capabilities' content='ocr_page ocr_carea ocr_par ocr_line ocrx_word'/>
</head>
<body>
  <div class='ocr_page' id='page_1' title='image "./operajosephus04joseuoft/operajosephus04joseuoft_0157.png"; bbox 0 0 2051 3397; ppageno 0'>
   <div class='ocr_carea' id='block_1_1' title="bbox 0 0 33 3397">
    <p class='ocr_par' dir='ltr' id='par_1_1' title="bbox 0 0 33 3397">
     <span class='ocr_line' id='line_1_1' title="bbox 0 0 33 3397; baseline 0 0"><span class='ocrx_word' id='word_1_1' title='bbox 0 0 33 3397; x_wconf 95' lang='lat' dir='ltr'><strong><em> </em></strong></span> 
     </span>
    </p>
   </div>
   <div class='ocr_carea' id='block_1_2' title="bbox 87 919 124 954">
    <p class='ocr_par' dir='ltr' id='par_1_2' title="bbox 87 919 124 954">
     <span class='ocr_line' id='line_1_2' title="bbox 87 919 124 954; baseline 0 0"><span class='ocrx_word' id='word_1_2' title='bbox 87 919 124 954; x_wconf 87' lang='lat'><strong><em>10</em></strong></span> 
     </span>
    </p>
   </div>
   <div class='ocr_carea' id='block_1_3' title="bbox 85 1259 122 1293">
    <p class='ocr_par' dir='ltr' id='par_1_3' title="bbox 85 1259 122 1293">
     <span class='ocr_line' id='line_1_3' title="bbox 85 1259 122 1293; baseline -0.027 0"><span class='ocrx_word' id='word_1_3' title='bbox 85 1259 122 1293; x_wconf 82' lang='lat'><strong><em>15</em></strong></span> 
     </span>
    </p>
   </div>
   <div class='ocr_carea' id='block_1_4' title="bbox 617 185 1815 230">
    <p class='ocr_par' dir='ltr' id='par_1_4' title="bbox 617 185 1815 230">
     <span class='ocr_line' id='line_1_4' title="bbox 617 185 1815 230; baseline -0.002 -8"><span class='ocrx_word' id='word_1_4' title='bbox 617 185 777 230; x_wconf 69' lang='grc' dir='ltr'><strong><em>ΑΝΤιρ.</em></strong></span> <span class='ocrx_word' id='word_1_5' title='bbox 802 186 896 222; x_wconf 86' lang='lat' dir='ltr'>IUD.</span> <span class='ocrx_word' id='word_1_6' title='bbox 921 186 1040 221; x_wconf 81' lang='lat' dir='ltr'><strong><em>xvm</em></strong></span> <span class='ocrx_word' id='word_1_7' title='bbox 1069 190 1198 222; x_wconf 72' lang='lat'>10—22</span> <span class='ocrx_word' id='word_1_8' title='bbox 1224 191 1257 228; x_wconf 76' lang='grc' dir='ltr'><strong><em>(ι.</em></strong></span> <span class='ocrx_word' id='word_1_9' title='bbox 1277 195 1302 219; x_wconf 61' lang='lat'><strong><em>⁴.</em></strong></span> <span class='ocrx_word' id='word_1_10' title='bbox 1323 194 1353 228; x_wconf 54' lang='lat' dir='ltr'><strong><em>a,</em></strong></span> <span class='ocrx_word' id='word_1_11' title='bbox 1738 190 1815 228; x_wconf 73' lang='lat'><strong><em>143</em></strong></span> 
     </span>
    </p>
   </div>
   <div class='ocr_carea' id='block_1_5' title="bbox 148 294 1817 1850">
    <p class='ocr_par' dir='ltr' id='par_1_5' title="bbox 152 294 1817 763">
     <span class='ocr_line' id='line_1_5' title="bbox 157 294 1816 359; baseline -0.001 -13"><span class='ocrx_word' id='word_1_12' title='bbox 157 317 281 358; x_wconf 85' lang='grc' dir='ltr'><strong><em>μασι,</em></strong></span> <span class='ocrx_word' id='word_1_13' title='bbox 312 302 483 359; x_wconf 79' lang='grc' dir='ltr'><strong><em>φυλακῇ</em></strong></span> <span class='ocrx_word' id='word_1_14' title='bbox 514 299 560 342; x_wconf 85' lang='grc' dir='ltr'><strong><em>δὲ</em></strong></span> <span class='ocrx_word' id='word_1_15' title='bbox 591 294 796 354; x_wconf 71' lang='grc' dir='ltr'><strong><em>οὐδαμῶς</em></strong></span> <span class='ocrx_word' id='word_1_16' title='bbox 824 316 956 342; x_wconf 89' lang='grc' dir='ltr'><strong><em>τινων</em></strong></span> <span class='ocrx_word' id='word_1_17' title='bbox 987 304 1282 357; x_wconf 68' lang='grc' dir='ltr'><strong><em>μεταποίησις</em></strong></span> <span class='ocrx_word' id='word_1_18' title='bbox 1313 296 1462 350; x_wconf 63' lang='grc' dir='ltr'><strong><em>αὐτοῖς</em></strong></span> <span class='ocrx_word' id='word_1_19' title='bbox 1495 295 1627 357; x_wconf 65' lang='grc' dir='ltr'><strong><em>ἢτῶν</em></strong></span> <span class='ocrx_word' id='word_1_20' title='bbox 1650 302 1816 356; x_wconf 76' lang='grc' dir='ltr'><strong><em>νόμων·</em></strong></span> 
     </span>
     <span class='ocr_line' id='line_1_6' title="bbox 159 366 1817 425; baseline -0.001 -13"><span class='ocrx_word' id='word_1_21' title='bbox 159 368 272 425; x_wconf 83' lang='grc' dir='ltr'><strong><em>πρὸς</em></strong></span> <span class='ocrx_word' id='word_1_22' title='bbox 300 367 383 425; x_wconf 82' lang='grc' dir='ltr'><strong><em>γὰρ</em></strong></span> <span class='ocrx_word' id='word_1_23' title='bbox 412 366 514 418; x_wconf 77' lang='grc' dir='ltr'><strong><em>τοὺς</em></strong></span> <span class='ocrx_word' id='word_1_24' title='bbox 543 367 835 417; x_wconf 75' lang='grc' dir='ltr'><em>διδασκάλους</em></span> <span class='ocrx_word' id='word_1_25' title='bbox 866 372 1050 425; x_wconf 75' lang='grc' dir='ltr'><strong><em>σοφίας,</em></strong></span> <span class='ocrx_word' id='word_1_26' title='bbox 1091 368 1139 424; x_wconf 74' lang='grc' dir='ltr'><strong><em>ἣν</em></strong></span> <span class='ocrx_word' id='word_1_27' title='bbox 1174 372 1390 422; x_wconf 73' lang='grc' dir='ltr'><strong><em>μετίασιν,</em></strong></span> <span class='ocrx_word' id='word_1_28' title='bbox 1423 366 1685 425; x_wconf 56' lang='grc' dir='ltr'><strong><em>ἀμφιλογεῖν</em></strong></span> <span class='ocrx_word' id='word_1_29' title='bbox 1717 366 1817 423; x_wconf 84' lang='grc' dir='ltr'><strong><em>ἀρε-</em></strong></span> 
     </span>
     <span class='ocr_line' id='line_1_7' title="bbox 157 431 1816 493; baseline 0 -14"><span class='ocrx_word' id='word_1_30' title='bbox 157 436 234 493; x_wconf 83' lang='grc' dir='ltr'><strong><em>τὴν</em></strong></span> <span class='ocrx_word' id='word_1_31' title='bbox 273 432 556 492; x_wconf 82' lang='grc' dir='ltr'><strong><em>ἀριθμοῦσιν.</em></strong></span> <span class='ocrx_word' id='word_1_32' title='bbox 619 434 681 485; x_wconf 82' lang='grc' dir='ltr'><strong><em>εἰς</em></strong></span> <span class='ocrx_word' id='word_1_33' title='bbox 720 431 894 491; x_wconf 82' lang='grc' dir='ltr'><strong><em>ὀλίγους</em></strong></span> <span class='ocrx_word' id='word_1_34' title='bbox 935 436 980 478; x_wconf 81' lang='grc' dir='ltr'><strong><em>δὲ</em></strong></span> <span class='ocrx_word' id='word_1_35' title='bbox 1021 433 1182 490; x_wconf 72' lang='grc' dir='ltr'><strong><em>ἄνδρας</em></strong></span> <span class='ocrx_word' id='word_1_36' title='bbox 1221 432 1348 486; x_wconf 86' lang='grc' dir='ltr'><strong><em>οὗτος</em></strong></span> <span class='ocrx_word' id='word_1_37' title='bbox 1387 432 1409 478; x_wconf 83' lang='grc' dir='ltr'>ὁ</span> <span class='ocrx_word' id='word_1_38' title='bbox 1452 436 1578 492; x_wconf 78' lang='grc' dir='ltr'><strong><em>λόγος</em></strong></span> <span class='ocrx_word' id='word_1_39' title='bbox 1621 433 1816 493; x_wconf 77' lang='grc' dir='ltr'><strong><em>ἀφίκετο,</em></strong></span> 
     </span>
     <span class='ocr_line' id='line_1_8' title="bbox 155 500 1817 559; baseline 0 -13"><span class='ocrx_word' id='word_1_40' title='bbox 155 502 258 553; x_wconf 77' lang='grc' dir='ltr'><strong><em>τοὺς</em></strong></span> <span class='ocrx_word' id='word_1_41' title='bbox 284 505 434 557; x_wconf 84' lang='grc' dir='ltr'><strong><em>μέντοι</em></strong></span> <span class='ocrx_word' id='word_1_42' title='bbox 466 502 669 558; x_wconf 80' lang='grc' dir='ltr'><strong><em>πρώτους</em></strong></span> <span class='ocrx_word' id='word_1_43' title='bbox 697 512 792 553; x_wconf 90' lang='grc' dir='ltr'><strong><em>τοῖς</em></strong></span> <span class='ocrx_word' id='word_1_44' title='bbox 822 500 1061 558; x_wconf 79' lang='grc' dir='ltr'><strong><em>ἀξιώμασι,</em></strong></span> <span class='ocrx_word' id='word_1_45' title='bbox 1095 503 1344 559; x_wconf 86' lang='grc' dir='ltr'><strong><em>πράσσεταί</em></strong></span> <span class='ocrx_word' id='word_1_46' title='bbox 1374 520 1419 545; x_wconf 88' lang='grc' dir='ltr'><strong><em>τε</em></strong></span> <span class='ocrx_word' id='word_1_47' title='bbox 1453 500 1534 545; x_wconf 82' lang='grc' dir='ltr'><strong><em>ἀπ’</em></strong></span> <span class='ocrx_word' id='word_1_48' title='bbox 1572 501 1714 546; x_wconf 71' lang='grc' dir='ltr'><strong><em>αὐτῶν</em></strong></span> <span class='ocrx_word' id='word_1_49' title='bbox 1745 500 1817 546; x_wconf 78' lang='grc' dir='ltr'><strong><em>οἰ·-</em></strong></span> 
     </span>
     <span class='ocr_line' id='line_1_9' title="bbox 157 566 1817 626; baseline 0 -12"><span class='ocrx_word' id='word_1_50' title='bbox 157 570 228 614; x_wconf 83' lang='grc' dir='ltr'><strong><em>δὲν</em></strong></span> <span class='ocrx_word' id='word_1_51' title='bbox 259 567 319 620; x_wconf 80' lang='grc' dir='ltr'><strong><em>ιῦς</em></strong></span> <span class='ocrx_word' id='word_1_52' title='bbox 350 569 512 613; x_wconf 87' lang='grc' dir='ltr'><strong><em>εἰπεῖν·</em></strong></span> <span class='ocrx_word' id='word_1_53' title='bbox 544 566 683 613; x_wconf 82' lang='grc' dir='ltr'><strong><em>ὁπότε</em></strong></span> <span class='ocrx_word' id='word_1_54' title='bbox 713 570 795 626; x_wconf 81' lang='grc' dir='ltr'><strong><em>γὰρ</em></strong></span> <span class='ocrx_word' id='word_1_55' title='bbox 827 568 897 613; x_wconf 79' lang='grc' dir='ltr'><strong><em>ἐπ’</em></strong></span> <span class='ocrx_word' id='word_1_56' title='bbox 935 569 1070 626; x_wconf 82' lang='grc' dir='ltr'><strong><em>ἀρχὰς</em></strong></span> <span class='ocrx_word' id='word_1_57' title='bbox 1091 572 1377 626; x_wconf 68' lang='grc' dir='ltr'><strong><em>παρέλθοιεν,</em></strong></span> <span class='ocrx_word' id='word_1_58' title='bbox 1412 566 1627 620; x_wconf 60' lang='grc' dir='ltr'><strong><em>ἀκουσίως</em></strong></span> <span class='ocrx_word' id='word_1_59' title='bbox 1645 572 1724 625; x_wconf 78' lang='grc' dir='ltr'><strong><em>μὲν</em></strong></span> <span class='ocrx_word' id='word_1_60' title='bbox 1746 574 1817 614; x_wconf 82' lang='grc' dir='ltr'><strong><em>καὶ</em></strong></span> 
     </span>
     <span class='ocr_line' id='line_1_10' title="bbox 153 629 1815 695; baseline 0.001 -14"><span class='ocrx_word' id='word_1_61' title='bbox 153 632 250 682; x_wconf 77' lang='grc' dir='ltr'><strong><em>κατ’</em></strong></span> <span class='ocrx_word' id='word_1_62' title='bbox 294 635 502 693; x_wconf 80' lang='grc' dir='ltr'><strong><em>ἀνάγκας,</em></strong></span> <span class='ocrx_word' id='word_1_63' title='bbox 542 641 852 695; x_wconf 71' lang='grc' dir='ltr'><strong><em>προσχωροῦσι</em></strong></span> <span class='ocrx_word' id='word_1_64' title='bbox 893 634 933 680; x_wconf 79' lang='grc' dir='ltr'><strong><em>δ’</em></strong></span> <span class='ocrx_word' id='word_1_65' title='bbox 969 629 1044 681; x_wconf 74' lang='grc' dir='ltr'><strong><em>οὖν</em></strong></span> <span class='ocrx_word' id='word_1_66' title='bbox 1083 637 1149 688; x_wconf 82' lang='grc' dir='ltr'><strong><em>οἷς</em></strong></span> <span class='ocrx_word' id='word_1_67' title='bbox 1179 636 1201 681; x_wconf 84' lang='grc' dir='ltr'>ὁ</span> <span class='ocrx_word' id='word_1_68' title='bbox 1238 643 1487 693; x_wconf 79' lang='grc' dir='ltr'><strong><em>Φαρισαῖος</em></strong></span> <span class='ocrx_word' id='word_1_69' title='bbox 1517 639 1630 694; x_wconf 74' lang='grc' dir='ltr'><strong><em>λέγει</em></strong></span> <span class='ocrx_word' id='word_1_70' title='bbox 1663 638 1736 681; x_wconf 78' lang='grc' dir='ltr'><strong><em>διὰ</em></strong></span> <span class='ocrx_word' id='word_1_71' title='bbox 1768 638 1815 682; x_wconf 86' lang='grc' dir='ltr'><strong><em>τὸ</em></strong></span> 
     </span>
     <span class='ocr_line' id='line_1_11' title="bbox 152 701 1257 763; baseline 0.001 -16"><span class='ocrx_word' id='word_1_72' title='bbox 152 704 211 762; x_wconf 89' lang='grc' dir='ltr'><strong><em>μὴ</em></strong></span> <span class='ocrx_word' id='word_1_73' title='bbox 245 701 387 756; x_wconf 77' lang='grc' dir='ltr'><strong><em>ἄλλως</em></strong></span> <span class='ocrx_word' id='word_1_74' title='bbox 417 701 623 756; x_wconf 68' lang='grc' dir='ltr'><strong><em>ἀνεκτοὺς</em></strong></span> <span class='ocrx_word' id='word_1_75' title='bbox 651 710 863 761; x_wconf 84' lang='grc' dir='ltr'><strong><em>γενέσθαι</em></strong></span> <span class='ocrx_word' id='word_1_76' title='bbox 892 715 988 756; x_wconf 85' lang='grc' dir='ltr'><strong><em>τοῖς</em></strong></span> <span class='ocrx_word' id='word_1_77' title='bbox 1019 706 1257 763; x_wconf 64' lang='grc' dir='ltr'><strong><em>πλήθεσιν.</em></strong></span> 
     </span>
    </p>

    <p class='ocr_par' dir='ltr' id='par_1_6' title="bbox 148 767 1816 1850">
     <span class='ocr_line' id='line_1_12' title="bbox 266 767 1816 830; baseline 0 -15"><span class='ocrx_word' id='word_1_78' title='bbox 266 777 304 816; x_wconf 90' lang='grc'><strong><em>5.</em></strong></span> <span class='ocrx_word' id='word_1_79' title='bbox 357 767 580 830; x_wconf 78' lang='grc' dir='ltr'><strong><em>Ἐσσηνοῖς</em></strong></span> <span class='ocrx_word' id='word_1_80' title='bbox 603 775 649 817; x_wconf 83' lang='grc' dir='ltr'><strong><em>δὲ</em></strong></span> <span class='ocrx_word' id='word_1_81' title='bbox 671 775 746 818; x_wconf 78' lang='grc' dir='ltr'><strong><em>ἐπὶ</em></strong></span> <span class='ocrx_word' id='word_1_82' title='bbox 782 775 862 829; x_wconf 80' lang='grc' dir='ltr'><strong><em>μὲν</em></strong></span> <span class='ocrx_word' id='word_1_83' title='bbox 882 776 979 830; x_wconf 75' lang='grc' dir='ltr'><strong><em>θεῷ</em></strong></span> <span class='ocrx_word' id='word_1_84' title='bbox 1001 775 1285 817; x_wconf 76' lang='grc' dir='ltr'><strong><em>καταλείπειν</em></strong></span> <span class='ocrx_word' id='word_1_85' title='bbox 1307 775 1429 830; x_wconf 81' lang='grc' dir='ltr'><strong><em>φιλεῖ</em></strong></span> <span class='ocrx_word' id='word_1_86' title='bbox 1449 773 1503 816; x_wconf 80' lang='grc' dir='ltr'><strong><em>τὰ</em></strong></span> <span class='ocrx_word' id='word_1_87' title='bbox 1527 773 1674 815; x_wconf 86' lang='grc' dir='ltr'><strong><em>πάντα</em></strong></span> <span class='ocrx_word' id='word_1_88' title='bbox 1695 771 1717 816; x_wconf 82' lang='grc' dir='ltr'><em>ὁ</em></span> <span class='ocrx_word' id='word_1_89' title='bbox 1743 773 1816 816; x_wconf 79' lang='grc' dir='ltr'><strong><em>λά-</em></strong></span> 
     </span>
     <span class='ocr_line' id='line_1_13' title="bbox 151 835 1815 899; baseline 0.001 -16"><span class='ocrx_word' id='word_1_90' title='bbox 151 856 238 898; x_wconf 86' lang='grc' dir='ltr'><strong><em>γος,</em></strong></span> <span class='ocrx_word' id='word_1_91' title='bbox 270 835 617 893; x_wconf 79' lang='grc' dir='ltr'><strong><em>ἀθανατίζουσιν</em></strong></span> <span class='ocrx_word' id='word_1_92' title='bbox 640 842 685 885; x_wconf 81' lang='grc' dir='ltr'><strong><em>δὲ</em></strong></span> <span class='ocrx_word' id='word_1_93' title='bbox 705 841 785 892; x_wconf 82' lang='grc' dir='ltr'><strong><em>τὰς</em></strong></span> <span class='ocrx_word' id='word_1_94' title='bbox 808 842 952 897; x_wconf 79' lang='grc' dir='ltr'><strong><em>ψυχὰς</em></strong></span> <span class='ocrx_word' id='word_1_95' title='bbox 973 841 1272 898; x_wconf 65' lang='grc' dir='ltr'><strong><em>περιμάχητον</em></strong></span> <span class='ocrx_word' id='word_1_96' title='bbox 1292 839 1525 899; x_wconf 69' lang='grc' dir='ltr'><strong><em>ἡγούμενοι</em></strong></span> <span class='ocrx_word' id='word_1_97' title='bbox 1545 843 1623 884; x_wconf 86' lang='grc' dir='ltr'><strong><em>τοῦ</em></strong></span> <span class='ocrx_word' id='word_1_98' title='bbox 1645 841 1815 884; x_wconf 77' lang='grc' dir='ltr'><strong><em>δικαίου</em></strong></span> 
     </span>
     <span class='ocr_line' id='line_1_14' title="bbox 150 906 1816 967; baseline 0 -15"><span class='ocrx_word' id='word_1_99' title='bbox 150 907 228 965; x_wconf 84' lang='grc' dir='ltr'><strong><em>τὴν</em></strong></span> <span class='ocrx_word' id='word_1_100' title='bbox 258 908 495 964; x_wconf 87' lang='grc' dir='ltr'><strong><em>πρόσοδον.</em></strong></span> <span class='ocrx_word' id='word_1_101' title='bbox 557 910 619 960; x_wconf 82' lang='grc' dir='ltr'><strong><em>εἰς</em></strong></span> <span class='ocrx_word' id='word_1_102' title='bbox 650 910 697 953; x_wconf 82' lang='grc' dir='ltr'><strong><em>δὲ</em></strong></span> <span class='ocrx_word' id='word_1_103' title='bbox 727 909 776 952; x_wconf 83' lang='grc' dir='ltr'><strong><em>τὸ</em></strong></span> <span class='ocrx_word' id='word_1_104' title='bbox 811 910 928 964; x_wconf 80' lang='grc' dir='ltr'><strong><em>ἱερὸν</em></strong></span> <span class='ocrx_word' id='word_1_105' title='bbox 960 906 1229 967; x_wconf 77' lang='grc' dir='ltr'><strong><em>ἀναθήματα</em></strong></span> <span class='ocrx_word' id='word_1_106' title='bbox 1256 910 1508 960; x_wconf 83' lang='grc' dir='ltr'><strong><em>στέλλοντες</em></strong></span> <span class='ocrx_word' id='word_1_107' title='bbox 1531 913 1694 960; x_wconf 86' lang='grc' dir='ltr'><strong><em>θυσίας</em></strong></span> <span class='ocrx_word' id='word_1_108' title='bbox 1716 926 1816 952; x_wconf 85' lang='grc' dir='ltr'><strong><em>επι-</em></strong></span> 
     </span>
     <span class='ocr_line' id='line_1_15' title="bbox 151 973 1815 1035; baseline 0 -15"><span class='ocrx_word' id='word_1_109' title='bbox 151 976 351 1020; x_wconf 82' lang='grc' dir='ltr'><strong><em>τελοῦσιν</em></strong></span> <span class='ocrx_word' id='word_1_110' title='bbox 390 977 683 1035; x_wconf 83' lang='grc' dir='ltr'><strong><em>διαφορότητι</em></strong></span> <span class='ocrx_word' id='word_1_111' title='bbox 723 975 927 1033; x_wconf 79' lang='grc' dir='ltr'><strong><em>ἁγνειῶν,</em></strong></span> <span class='ocrx_word' id='word_1_112' title='bbox 970 976 1021 1028; x_wconf 77' lang='grc' dir='ltr'><strong><em>ἃς</em></strong></span> <span class='ocrx_word' id='word_1_113' title='bbox 1052 981 1176 1031; x_wconf 63' lang='grc' dir='ltr'><strong><em>νομίς</em></strong></span> <span class='ocrx_word' id='word_1_114' title='bbox 1180 993 1293 1028; x_wconf 92' lang='grc' dir='ltr'><strong><em>οιεν,</em></strong></span> <span class='ocrx_word' id='word_1_115' title='bbox 1332 979 1404 1020; x_wconf 84' lang='grc' dir='ltr'><strong><em>καὶ</em></strong></span> <span class='ocrx_word' id='word_1_116' title='bbox 1438 974 1498 1019; x_wconf 82' lang='grc' dir='ltr'><strong><em>δι’</em></strong></span> <span class='ocrx_word' id='word_1_117' title='bbox 1536 973 1639 1020; x_wconf 72' lang='grc' dir='ltr'><strong><em>αὐτὸ</em></strong></span> <span class='ocrx_word' id='word_1_118' title='bbox 1673 976 1815 1032; x_wconf 82' lang='grc' dir='ltr'><strong><em>εἰργό-</em></strong></span> 
     </span>
     <span class='ocr_line' id='line_1_16' title="bbox 150 1042 1814 1102; baseline 0 -15"><span class='ocrx_word' id='word_1_119' title='bbox 150 1060 276 1100; x_wconf 85' lang='grc' dir='ltr'><strong><em>μενοι</em></strong></span> <span class='ocrx_word' id='word_1_120' title='bbox 304 1046 383 1087; x_wconf 89' lang='grc' dir='ltr'><strong><em>τοῦ</em></strong></span> <span class='ocrx_word' id='word_1_121' title='bbox 413 1048 562 1088; x_wconf 89' lang='grc' dir='ltr'><strong><em>κοινοῦ</em></strong></span> <span class='ocrx_word' id='word_1_122' title='bbox 592 1049 910 1100; x_wconf 86' lang='grc' dir='ltr'><strong><em>τεμενίσματος</em></strong></span> <span class='ocrx_word' id='word_1_123' title='bbox 940 1042 1013 1102; x_wconf 79' lang='grc' dir='ltr'><strong><em>εφ’</em></strong></span> <span class='ocrx_word' id='word_1_124' title='bbox 1050 1042 1193 1088; x_wconf 81' lang='grc' dir='ltr'><strong><em>αὑτῶν</em></strong></span> <span class='ocrx_word' id='word_1_125' title='bbox 1224 1061 1304 1095; x_wconf 86' lang='grc' dir='ltr'><strong><em>τας</em></strong></span> <span class='ocrx_word' id='word_1_126' title='bbox 1335 1048 1500 1095; x_wconf 82' lang='grc' dir='ltr'><strong><em>θυσίας</em></strong></span> <span class='ocrx_word' id='word_1_127' title='bbox 1522 1044 1814 1088; x_wconf 79' lang='grc' dir='ltr'><strong><em>ἐπιτελοῦσιν.</em></strong></span> 
     </span>
     <span class='ocr_line' id='line_1_17' title="bbox 149 1109 1812 1204; baseline 0 -49"><span class='ocrx_word' id='word_1_128' title='bbox 149 1113 371 1167; x_wconf 81' lang='grc' dir='ltr'><strong><em>βέλτιστοι</em></strong></span> <span class='ocrx_word' id='word_1_129' title='bbox 413 1112 460 1155; x_wconf 81' lang='grc' dir='ltr'><strong><em>δὲ</em></strong></span> <span class='ocrx_word' id='word_1_130' title='bbox 498 1109 642 1163; x_wconf 77' lang='grc' dir='ltr'><strong><em>ἄλλως</em></strong></span> <span class='ocrx_word' id='word_1_131' title='bbox 683 1110 868 1204; x_wconf 71' lang='grc' dir='ltr'><strong><em>[ἄνδρες]</em></strong></span> <span class='ocrx_word' id='word_1_132' title='bbox 909 1111 986 1155; x_wconf 85' lang='grc' dir='ltr'><strong><em>τὸν</em></strong></span> <span class='ocrx_word' id='word_1_133' title='bbox 1025 1112 1194 1168; x_wconf 86' lang='grc' dir='ltr'><strong><em>τρόπον</em></strong></span> <span class='ocrx_word' id='word_1_134' title='bbox 1230 1114 1304 1155; x_wconf 83' lang='grc' dir='ltr'><strong><em>καὶ</em></strong></span> <span class='ocrx_word' id='word_1_135' title='bbox 1344 1112 1393 1155; x_wconf 83' lang='grc' dir='ltr'><strong><em>τὸ</em></strong></span> <span class='ocrx_word' id='word_1_136' title='bbox 1433 1115 1523 1155; x_wconf 83' lang='grc' dir='ltr'><strong><em>πᾶν</em></strong></span> <span class='ocrx_word' id='word_1_137' title='bbox 1554 1121 1707 1155; x_wconf 89' lang='grc' dir='ltr'><strong><em>πονεῖν</em></strong></span> <span class='ocrx_word' id='word_1_138' title='bbox 1739 1111 1812 1155; x_wconf 78' lang='grc' dir='ltr'><strong><em>ἐπὶ</em></strong></span> 
     </span>
     <span class='ocr_line' id='line_1_18' title="bbox 149 1177 1815 1237; baseline -0.001 -15"><span class='ocrx_word' id='word_1_139' title='bbox 149 1184 339 1237; x_wconf 80' lang='grc' dir='ltr'><strong><em>γεωργίᾳ</em></strong></span> <span class='ocrx_word' id='word_1_140' title='bbox 376 1184 680 1237; x_wconf 85' lang='grc' dir='ltr'><strong><em>τετραμμένοι.</em></strong></span> <span class='ocrx_word' id='word_1_141' title='bbox 748 1178 871 1232; x_wconf 80' lang='grc' dir='ltr'><strong><em>ἀξιον</em></strong></span> <span class='ocrx_word' id='word_1_142' title='bbox 918 1177 960 1222; x_wconf 80' lang='grc' dir='ltr'><strong><em>δ’</em></strong></span> <span class='ocrx_word' id='word_1_143' title='bbox 1006 1177 1149 1223; x_wconf 84' lang='grc' dir='ltr'><strong><em>αυτιῦν</em></strong></span> <span class='ocrx_word' id='word_1_144' title='bbox 1194 1180 1430 1235; x_wconf 79' lang='grc' dir='ltr'><strong><em>θαιμάσαι</em></strong></span> <span class='ocrx_word' id='word_1_145' title='bbox 1474 1179 1599 1236; x_wconf 78' lang='grc' dir='ltr'><strong><em>παρὰ</em></strong></span> <span class='ocrx_word' id='word_1_146' title='bbox 1644 1179 1815 1230; x_wconf 88' lang='grc' dir='ltr'><strong><em>πάντας</em></strong></span> 
     </span>
     <span class='ocr_line' id='line_1_19' title="bbox 149 1244 1815 1329; baseline -0.001 -37"><span class='ocrx_word' id='word_1_147' title='bbox 149 1264 252 1300; x_wconf 86' lang='grc' dir='ltr'><strong><em>τους</em></strong></span> <span class='ocrx_word' id='word_1_148' title='bbox 283 1244 441 1306; x_wconf 84' lang='grc' dir='ltr'><strong><em>ἀρετῆς</em></strong></span> <span class='ocrx_word' id='word_1_149' title='bbox 470 1252 878 1304; x_wconf 79' lang='grc' dir='ltr'><strong><em>μεταποιουμένοις</em></strong></span> <span class='ocrx_word' id='word_1_150' title='bbox 908 1248 1010 1292; x_wconf 88' lang='grc' dir='ltr'><strong><em>τόδε</em></strong></span> <span class='ocrx_word' id='word_1_151' title='bbox 1041 1247 1114 1292; x_wconf 85' lang='grc' dir='ltr'><strong><em>διὰ</em></strong></span> <span class='ocrx_word' id='word_1_152' title='bbox 1144 1247 1193 1291; x_wconf 86' lang='grc' dir='ltr'><strong><em>τὸ</em></strong></span> <span class='ocrx_word' id='word_1_153' title='bbox 1216 1245 1472 1306; x_wconf 53' lang='grc' dir='ltr'><strong><em>μηδαμῶς(</em></strong></span> <span class='ocrx_word' id='word_1_154' title='bbox 1450 1247 1652 1329; x_wconf 77' lang='grc' dir='ltr'><strong><em>υπάρξαν</em></strong></span> <span class='ocrx_word' id='word_1_155' title='bbox 1669 1244 1815 1304; x_wconf 84' lang='grc' dir='ltr'><strong><em>Ἑλλή-</em></strong></span> 
     </span>
     <span class='ocr_line' id='line_1_20' title="bbox 150 1309 1815 1374; baseline -0.001 -14"><span class='ocrx_word' id='word_1_156' title='bbox 150 1333 236 1361; x_wconf 90' lang='grc' dir='ltr'><strong><em>νων</em></strong></span> <span class='ocrx_word' id='word_1_157' title='bbox 269 1309 292 1373; x_wconf 78' lang='grc' dir='ltr'>ἢ</span> <span class='ocrx_word' id='word_1_158' title='bbox 321 1318 559 1373; x_wconf 74' lang='grc' dir='ltr'><strong><em>βαρβάρων</em></strong></span> <span class='ocrx_word' id='word_1_159' title='bbox 588 1321 725 1369; x_wconf 87' lang='grc' dir='ltr'><strong><em>τισίν,</em></strong></span> <span class='ocrx_word' id='word_1_160' title='bbox 763 1311 875 1359; x_wconf 86' lang='grc' dir='ltr'><strong><em>ἀλλα</em></strong></span> <span class='ocrx_word' id='word_1_161' title='bbox 904 1312 1008 1374; x_wconf 75' lang='grc' dir='ltr'><strong><em>μηδ’</em></strong></span> <span class='ocrx_word' id='word_1_162' title='bbox 1047 1332 1110 1367; x_wconf 85' lang='grc' dir='ltr'><strong><em>εις</em></strong></span> <span class='ocrx_word' id='word_1_163' title='bbox 1139 1312 1300 1372; x_wconf 82' lang='grc' dir='ltr'><strong><em>ὀλίγον,</em></strong></span> <span class='ocrx_word' id='word_1_164' title='bbox 1332 1315 1514 1366; x_wconf 75' lang='grc' dir='ltr'><strong><em>ἐκείνοις</em></strong></span> <span class='ocrx_word' id='word_1_165' title='bbox 1544 1314 1589 1358; x_wconf 79' lang='grc' dir='ltr'><strong><em>ἐκ</em></strong></span> <span class='ocrx_word' id='word_1_166' title='bbox 1618 1316 1815 1358; x_wconf 83' lang='grc' dir='ltr'><strong><em>παλαιοῦ</em></strong></span> 
     </span>
     <span class='ocr_line' id='line_1_21' title="bbox 150 1382 1815 1442; baseline -0.002 -13"><span class='ocrx_word' id='word_1_167' title='bbox 150 1384 368 1429; x_wconf 84' lang='grc' dir='ltr'><strong><em>συνελθὸν</em></strong></span> <span class='ocrx_word' id='word_1_168' title='bbox 416 1384 460 1428; x_wconf 77' lang='grc' dir='ltr'><strong><em>ἐν</em></strong></span> <span class='ocrx_word' id='word_1_169' title='bbox 499 1387 562 1441; x_wconf 73' lang='grc' dir='ltr'><strong><em>τῴ</em></strong></span> <span class='ocrx_word' id='word_1_170' title='bbox 603 1383 949 1442; x_wconf 74' lang='grc' dir='ltr'><strong><em>ἐπιτηδεύεσθαι</em></strong></span> <span class='ocrx_word' id='word_1_171' title='bbox 987 1383 1044 1440; x_wconf 82' lang='grc' dir='ltr'><strong><em>μὴ</em></strong></span> <span class='ocrx_word' id='word_1_172' title='bbox 1094 1385 1393 1426; x_wconf 77' lang='grc' dir='ltr'><strong><em>κεκωλῦσθαι·</em></strong></span> <span class='ocrx_word' id='word_1_173' title='bbox 1443 1382 1498 1426; x_wconf 76' lang='grc' dir='ltr'><strong><em>τὰ</em></strong></span> <span class='ocrx_word' id='word_1_174' title='bbox 1535 1382 1736 1439; x_wconf 83' lang='grc' dir='ltr'><strong><em>χρήματά</em></strong></span> <span class='ocrx_word' id='word_1_175' title='bbox 1766 1399 1815 1425; x_wconf 88' lang='grc' dir='ltr'><strong><em>τε</em></strong></span> 
     </span>
     <span class='ocr_line' id='line_1_22' title="bbox 150 1447 1814 1504; baseline -0.002 -8"><span class='ocrx_word' id='word_1_176' title='bbox 150 1452 275 1497; x_wconf 86' lang='grc' dir='ltr'><strong><em>κοινά</em></strong></span> <span class='ocrx_word' id='word_1_177' title='bbox 305 1452 424 1495; x_wconf 76' lang='grc' dir='ltr'><strong><em>ἐστιν</em></strong></span> <span class='ocrx_word' id='word_1_178' title='bbox 457 1447 618 1504; x_wconf 65' lang='grc' dir='ltr'><strong><em>αὐτοῖς,</em></strong></span> <span class='ocrx_word' id='word_1_179' title='bbox 652 1448 872 1495; x_wconf 87' lang='grc' dir='ltr'><strong><em>ἀπολαυει</em></strong></span> <span class='ocrx_word' id='word_1_180' title='bbox 897 1452 944 1495; x_wconf 83' lang='grc' dir='ltr'><strong><em>δὲ</em></strong></span> <span class='ocrx_word' id='word_1_181' title='bbox 966 1448 1091 1495; x_wconf 81' lang='grc' dir='ltr'><strong><em>ουδὲν</em></strong></span> <span class='ocrx_word' id='word_1_182' title='bbox 1113 1449 1135 1495; x_wconf 84' lang='grc' dir='ltr'>ὁ</span> <span class='ocrx_word' id='word_1_183' title='bbox 1160 1451 1374 1502; x_wconf 77' lang='grc' dir='ltr'><strong><em>πλούσιος</em></strong></span> <span class='ocrx_word' id='word_1_184' title='bbox 1403 1453 1491 1493; x_wconf 84' lang='grc' dir='ltr'><strong><em>τῶν</em></strong></span> <span class='ocrx_word' id='word_1_185' title='bbox 1513 1451 1686 1494; x_wconf 86' lang='grc' dir='ltr'><strong><em>οἰκείων</em></strong></span> <span class='ocrx_word' id='word_1_186' title='bbox 1717 1466 1814 1504; x_wconf 85' lang='grc' dir='ltr'><strong><em>μει-</em></strong></span> 
     </span>
     <span class='ocr_line' id='line_1_23' title="bbox 151 1513 1813 1578; baseline -0.004 -13"><span class='ocrx_word' id='word_1_187' title='bbox 151 1520 285 1574; x_wconf 83' lang='grc' dir='ltr'><strong><em>ζόνως</em></strong></span> <span class='ocrx_word' id='word_1_188' title='bbox 306 1513 334 1578; x_wconf 70' lang='grc' dir='ltr'><em>ἢ</em></span> <span class='ocrx_word' id='word_1_189' title='bbox 355 1517 377 1563; x_wconf 81' lang='grc' dir='ltr'><em>ὃ</em></span> <span class='ocrx_word' id='word_1_190' title='bbox 400 1516 503 1578; x_wconf 87' lang='grc' dir='ltr'><strong><em>μηδ</em></strong></span> <span class='ocrx_word' id='word_1_191' title='bbox 539 1517 688 1564; x_wconf 80' lang='grc' dir='ltr'><strong><em>ὁτιοῦν</em></strong></span> <span class='ocrx_word' id='word_1_192' title='bbox 709 1523 986 1578; x_wconf 85' lang='grc' dir='ltr'><strong><em>κεκτημένος·</em></strong></span> <span class='ocrx_word' id='word_1_193' title='bbox 1008 1521 1078 1563; x_wconf 83' lang='grc' dir='ltr'><strong><em>καὶ</em></strong></span> <span class='ocrx_word' id='word_1_194' title='bbox 1100 1519 1205 1562; x_wconf 87' lang='grc' dir='ltr'><strong><em>τάδε</em></strong></span> <span class='ocrx_word' id='word_1_195' title='bbox 1226 1519 1505 1575; x_wconf 83' lang='grc' dir='ltr'><strong><em>πράσσουσιν</em></strong></span> <span class='ocrx_word' id='word_1_196' title='bbox 1527 1515 1721 1574; x_wconf 61' lang='grc' dir='ltr'><strong><em>ἄνδρες(</em></strong></span> <span class='ocrx_word' id='word_1_197' title='bbox 1703 1517 1813 1572; x_wconf 81' lang='grc' dir='ltr'><strong><em>υπὲρ</em></strong></span> 
     </span>
     <span class='ocr_line' id='line_1_24' title="bbox 148 1584 1813 1646; baseline -0.003 -14"><span class='ocrx_word' id='word_1_198' title='bbox 148 1590 490 1646; x_wconf 85' lang='grc' dir='ltr'><strong><em>τετρακισχίλιοι</em></strong></span> <span class='ocrx_word' id='word_1_199' title='bbox 526 1587 602 1631; x_wconf 84' lang='grc' dir='ltr'><strong><em>τὸν</em></strong></span> <span class='ocrx_word' id='word_1_200' title='bbox 643 1584 840 1644; x_wconf 78' lang='grc' dir='ltr'><strong><em>ἀριθμὸν</em></strong></span> <span class='ocrx_word' id='word_1_201' title='bbox 879 1585 1014 1638; x_wconf 78' lang='grc' dir='ltr'><strong><em>ὄντες.</em></strong></span> <span class='ocrx_word' id='word_1_202' title='bbox 1079 1605 1150 1630; x_wconf 87' lang='grc' dir='ltr'><strong><em>και</em></strong></span> <span class='ocrx_word' id='word_1_203' title='bbox 1193 1584 1292 1630; x_wconf 78' lang='grc' dir='ltr'><strong><em>οὕτε</em></strong></span> <span class='ocrx_word' id='word_1_204' title='bbox 1328 1586 1521 1643; x_wconf 79' lang='grc' dir='ltr'><strong><em>γαμετὰς</em></strong></span> <span class='ocrx_word' id='word_1_205' title='bbox 1561 1585 1813 1641; x_wconf 84' lang='grc' dir='ltr'><strong><em>εἰσάγονται</em></strong></span> 
     </span>
     <span class='ocr_line' id='line_1_25' title="bbox 151 1650 1813 1713; baseline -0.004 -12"><span class='ocrx_word' id='word_1_206' title='bbox 151 1653 251 1701; x_wconf 68' lang='grc' dir='ltr'><strong><em>οὔτε</em></strong></span> <span class='ocrx_word' id='word_1_207' title='bbox 280 1655 449 1699; x_wconf 83' lang='grc' dir='ltr'><strong><em>δούλων</em></strong></span> <span class='ocrx_word' id='word_1_208' title='bbox 479 1655 814 1713; x_wconf 77' lang='grc' dir='ltr'><strong><em>ἐπιτηδεύουσιν</em></strong></span> <span class='ocrx_word' id='word_1_209' title='bbox 843 1658 1007 1711; x_wconf 84' lang='grc' dir='ltr'><strong><em>κτῆσιν,</em></strong></span> <span class='ocrx_word' id='word_1_210' title='bbox 1037 1654 1087 1698; x_wconf 83' lang='grc' dir='ltr'><strong><em>τὸ</em></strong></span> <span class='ocrx_word' id='word_1_211' title='bbox 1119 1656 1198 1709; x_wconf 81' lang='grc' dir='ltr'><strong><em>μὲν</em></strong></span> <span class='ocrx_word' id='word_1_212' title='bbox 1229 1655 1292 1706; x_wconf 85' lang='grc' dir='ltr'><strong><em>εἷς</em></strong></span> <span class='ocrx_word' id='word_1_213' title='bbox 1322 1652 1495 1698; x_wconf 78' lang='grc' dir='ltr'><strong><em>ἀδικίαν</em></strong></span> <span class='ocrx_word' id='word_1_214' title='bbox 1517 1657 1668 1713; x_wconf 84' lang='grc' dir='ltr'><strong><em>φέρειν</em></strong></span> <span class='ocrx_word' id='word_1_215' title='bbox 1688 1650 1813 1695; x_wconf 83' lang='grc' dir='ltr'><strong><em>ῦπει-</em></strong></span> 
     </span>
     <span class='ocr_line' id='line_1_26' title="bbox 151 1718 1813 1782; baseline -0.003 -15"><span class='ocrx_word' id='word_1_216' title='bbox 151 1723 360 1782; x_wconf 82' lang='grc' dir='ltr'><strong><em>ληφότες,</em></strong></span> <span class='ocrx_word' id='word_1_217' title='bbox 400 1723 450 1767; x_wconf 85' lang='grc' dir='ltr'><strong><em>τὸ</em></strong></span> <span class='ocrx_word' id='word_1_218' title='bbox 493 1724 540 1767; x_wconf 84' lang='grc' dir='ltr'><strong><em>δὲ</em></strong></span> <span class='ocrx_word' id='word_1_219' title='bbox 571 1723 769 1774; x_wconf 85' lang='grc' dir='ltr'><strong><em>στάσεως</em></strong></span> <span class='ocrx_word' id='word_1_220' title='bbox 799 1723 1022 1767; x_wconf 77' lang='grc' dir='ltr'><strong><em>ἐνδιδόναι</em></strong></span> <span class='ocrx_word' id='word_1_221' title='bbox 1051 1727 1257 1781; x_wconf 83' lang='grc' dir='ltr'><strong><em>ποίησιν,</em></strong></span> <span class='ocrx_word' id='word_1_222' title='bbox 1298 1718 1422 1766; x_wconf 69' lang='grc' dir='ltr'><strong><em>αὐτοὶ</em></strong></span> <span class='ocrx_word' id='word_1_223' title='bbox 1455 1718 1496 1765; x_wconf 75' lang='grc' dir='ltr'><strong><em>δ’</em></strong></span> <span class='ocrx_word' id='word_1_224' title='bbox 1533 1721 1612 1776; x_wconf 75' lang='grc' dir='ltr'><strong><em>ἐφ’</em></strong></span> <span class='ocrx_word' id='word_1_225' title='bbox 1647 1720 1813 1764; x_wconf 78' lang='grc' dir='ltr'><strong><em>ἑαυτῶν</em></strong></span> 
     </span>
     <span class='ocr_line' id='line_1_27' title="bbox 151 1786 1813 1850; baseline -0.002 -14"><span class='ocrx_word' id='word_1_226' title='bbox 151 1792 307 1846; x_wconf 84' lang='grc' dir='ltr'><strong><em>ζῶντες</em></strong></span> <span class='ocrx_word' id='word_1_227' title='bbox 348 1792 549 1849; x_wconf 74' lang='grc' dir='ltr'><strong><em>διακονίᾳ</em></strong></span> <span class='ocrx_word' id='word_1_228' title='bbox 586 1793 641 1848; x_wconf 83' lang='grc' dir='ltr'><strong><em>τῇ</em></strong></span> <span class='ocrx_word' id='word_1_229' title='bbox 679 1787 753 1834; x_wconf 70' lang='grc' dir='ltr'><strong><em>ἐπ’</em></strong></span> <span class='ocrx_word' id='word_1_230' title='bbox 790 1787 995 1850; x_wconf 83' lang='grc' dir='ltr'><strong><em>ἀλλήλοις</em></strong></span> <span class='ocrx_word' id='word_1_231' title='bbox 1025 1790 1307 1847; x_wconf 73' lang='grc' dir='ltr'><strong><em>ἐπιχρῶνται.</em></strong></span> <span class='ocrx_word' id='word_1_232' title='bbox 1368 1786 1616 1840; x_wconf 83' lang='grc' dir='ltr'><strong><em>ἀποδέκτας</em></strong></span> <span class='ocrx_word' id='word_1_233' title='bbox 1648 1789 1695 1831; x_wconf 86' lang='grc' dir='ltr'><strong><em>δὲ</em></strong></span> <span class='ocrx_word' id='word_1_234' title='bbox 1725 1791 1813 1832; x_wconf 88' lang='grc' dir='ltr'><strong><em>τῶν</em></strong></span> 
     </span>
    </p>
   </div>
   <div class='ocr_carea' id='block_1_6' title="bbox 264 1961 1436 2006">
    <p class='ocr_par' dir='ltr' id='par_1_7' title="bbox 264 1961 1436 2006">
     <span class='ocr_line' id='line_1_28' title="bbox 264 1961 1436 2006; baseline -0.002 -9"><span class='ocrx_word' id='word_1_235' title='bbox 264 1964 283 2006; x_wconf 65' lang='grc' dir='ltr'><strong>ς</strong></span> <span class='ocrx_word' id='word_1_236' title='bbox 310 1965 350 1997; x_wconf 85' lang='lat'><strong><em>16</em></strong></span> <span class='ocrx_word' id='word_1_237' title='bbox 374 1978 418 1991; x_wconf 88' lang='lat'>=</span> <span class='ocrx_word' id='word_1_238' title='bbox 441 1961 525 1997; x_wconf 83' lang='lat' dir='ltr'><strong>beu.</strong></span> <span class='ocrx_word' id='word_1_239' title='bbox 550 1962 629 1996; x_wconf 85' lang='lat' dir='ltr'><strong>Iud.</strong></span> <span class='ocrx_word' id='word_1_240' title='bbox 655 1962 691 1996; x_wconf 94' lang='lat'><strong><em>11</em></strong></span> <span class='ocrx_word' id='word_1_241' title='bbox 716 1964 799 2006; x_wconf 77' lang='lat'><strong><em>1643</em></strong></span> <span class='ocrx_word' id='word_1_242' title='bbox 825 1962 846 2006; x_wconf 62' lang='grc' dir='ltr'>ξ</span> <span class='ocrx_word' id='word_1_243' title='bbox 875 1964 914 1996; x_wconf 88' lang='lat'><strong><em>18</em></strong></span> <span class='ocrx_word' id='word_1_244' title='bbox 940 1977 984 1990; x_wconf 92' lang='lat'><strong><em>=</em></strong></span> <span class='ocrx_word' id='word_1_245' title='bbox 1008 1961 1091 1996; x_wconf 80' lang='lat' dir='ltr'>ben.</span> <span class='ocrx_word' id='word_1_246' title='bbox 1116 1961 1196 1995; x_wconf 79' lang='lat' dir='ltr'>Iud.</span> <span class='ocrx_word' id='word_1_247' title='bbox 1220 1961 1257 1996; x_wconf 94' lang='lat'><strong><em>11</em></strong></span> <span class='ocrx_word' id='word_1_248' title='bbox 1285 1963 1346 1995; x_wconf 83' lang='lat'><strong><em>120</em></strong></span> <span class='ocrx_word' id='word_1_249' title='bbox 1360 1971 1436 2006; x_wconf 76' lang='lat' dir='ltr'>sqq.</span> 
     </span>
    </p>
   </div>
   <div class='ocr_carea' id='block_1_7' title="bbox 145 2106 1814 2998">
    <p class='ocr_par' dir='ltr' id='par_1_8' title="bbox 265 2106 868 2152">
     <span class='ocr_line' id='line_1_29' title="bbox 265 2106 868 2152; baseline 0.002 -11"><span class='ocrx_word' id='word_1_250' title='bbox 265 2106 664 2142; x_wconf 81' lang='lat' dir='ltr'>AMWELatZonaras</span> <span class='ocrx_word' id='word_1_251' title='bbox 688 2107 706 2142; x_wconf 97' lang='grc' dir='ltr'>Ι</span> <span class='ocrx_word' id='word_1_252' title='bbox 728 2118 765 2152; x_wconf 88' lang='lat' dir='ltr'><strong><em>p.</em></strong></span> <span class='ocrx_word' id='word_1_253' title='bbox 790 2111 868 2142; x_wconf 72' lang='lat'>475.</span> 
     </span>
    </p>

    <p class='ocr_par' dir='ltr' id='par_1_9' title="bbox 145 2161 1814 2660">
     <span class='ocr_line' id='line_1_30' title="bbox 267 2161 1813 2210; baseline 0 -14"><span class='ocrx_word' id='word_1_254' title='bbox 267 2166 282 2196; x_wconf 93' lang='lat'>1</span> <span class='ocrx_word' id='word_1_255' title='bbox 310 2163 501 2208; x_wconf 79' lang='grc' dir='ltr'><strong><em>*φυλακῆσ</em></strong></span> <span class='ocrx_word' id='word_1_256' title='bbox 524 2163 581 2198; x_wconf 83' lang='lat' dir='ltr'><strong><em>ed.</em></strong></span> <span class='ocrx_word' id='word_1_257' title='bbox 604 2174 660 2208; x_wconf 83' lang='lat' dir='ltr'><strong><em>pr.</em></strong></span> <span class='ocrx_word' id='word_1_258' title='bbox 731 2165 907 2210; x_wconf 82' lang='grc' dir='ltr'><strong><em>*φυλακῇ</em></strong></span> <span class='ocrx_word' id='word_1_259' title='bbox 929 2183 974 2189; x_wconf 93' lang='grc'>-</span> <span class='ocrx_word' id='word_1_260' title='bbox 998 2161 1140 2209; x_wconf 83' lang='grc' dir='ltr'><strong><em>νόμων]</em></strong></span> <span class='ocrx_word' id='word_1_261' title='bbox 1165 2162 1286 2197; x_wconf 78' lang='lat' dir='ltr'><em>nullas</em></span> <span class='ocrx_word' id='word_1_262' title='bbox 1308 2173 1398 2197; x_wconf 77' lang='lat' dir='ltr'><strong><em>uero</em></strong></span> <span class='ocrx_word' id='word_1_263' title='bbox 1422 2161 1517 2197; x_wconf 80' lang='lat' dir='ltr'><em>alias</em></span> <span class='ocrx_word' id='word_1_264' title='bbox 1540 2162 1813 2197; x_wconf 78' lang='lat' dir='ltr'><em>obseruationes</em></span> 
     </span>
     <span class='ocr_line' id='line_1_31' title="bbox 145 2214 1813 2265; baseline 0.002 -14"><span class='ocrx_word' id='word_1_265' title='bbox 145 2221 298 2264; x_wconf 79' lang='lat' dir='ltr'><em>praeter</em></span> <span class='ocrx_word' id='word_1_266' title='bbox 321 2217 434 2263; x_wconf 75' lang='lat' dir='ltr'><em>leqem</em></span> <span class='ocrx_word' id='word_1_267' title='bbox 458 2219 667 2255; x_wconf 73' lang='lat' dir='ltr'><em>custodiunt</em></span> <span class='ocrx_word' id='word_1_268' title='bbox 690 2220 762 2256; x_wconf 85' lang='lat' dir='ltr'><strong><em>Lat</em></strong></span> <span class='ocrx_word' id='word_1_269' title='bbox 829 2217 1034 2265; x_wconf 79' lang='grc' dir='ltr'><strong><em>*οὐδαμῶν</em></strong></span> <span class='ocrx_word' id='word_1_270' title='bbox 1056 2219 1143 2254; x_wconf 85' lang='grc' dir='ltr'><strong><em>ΜΨ</em></strong></span> <span class='ocrx_word' id='word_1_271' title='bbox 1224 2232 1338 2255; x_wconf 86' lang='grc' dir='ltr'><strong><em>τινων</em></strong></span> <span class='ocrx_word' id='word_1_272' title='bbox 1362 2228 1430 2253; x_wconf 90' lang='lat' dir='ltr'><strong><em>om.</em></strong></span> <span class='ocrx_word' id='word_1_273' title='bbox 1456 2218 1490 2252; x_wconf 89' lang='lat' dir='ltr'><strong>E</strong></span> <span class='ocrx_word' id='word_1_274' title='bbox 1582 2214 1813 2264; x_wconf 82' lang='grc' dir='ltr'><strong><em>*μεταποιή-</em></strong></span> 
     </span>
     <span class='ocr_line' id='line_1_32' title="bbox 152 2270 1811 2322; baseline -0.001 -12"><span class='ocrx_word' id='word_1_275' title='bbox 152 2285 234 2310; x_wconf 84' lang='grc' dir='ltr'><strong><em>σεισ</em></strong></span> <span class='ocrx_word' id='word_1_276' title='bbox 257 2273 346 2308; x_wconf 84' lang='grc' dir='ltr'><strong><em>ΜΨ</em></strong></span> <span class='ocrx_word' id='word_1_277' title='bbox 414 2270 449 2319; x_wconf 76' lang='grc' dir='ltr'><strong><em>ἦ]</em></strong></span> <span class='ocrx_word' id='word_1_278' title='bbox 473 2271 494 2320; x_wconf 80' lang='grc' dir='ltr'><strong><em>ἡ</em></strong></span> <span class='ocrx_word' id='word_1_279' title='bbox 518 2274 641 2310; x_wconf 90' lang='grc' dir='ltr'><strong><em>ΜΨΕ</em></strong></span> <span class='ocrx_word' id='word_1_280' title='bbox 732 2278 751 2310; x_wconf 85' lang='grc'><strong>3</strong></span> <span class='ocrx_word' id='word_1_281' title='bbox 777 2276 854 2318; x_wconf 82' lang='grc' dir='ltr'><strong><em>*δὲ1</em></strong></span> <span class='ocrx_word' id='word_1_282' title='bbox 880 2276 921 2314; x_wconf 84' lang='grc' dir='ltr'><strong><em>τὲ</em></strong></span> <span class='ocrx_word' id='word_1_283' title='bbox 944 2276 1033 2311; x_wconf 90' lang='grc' dir='ltr'><strong><em>ΜΨ</em></strong></span> <span class='ocrx_word' id='word_1_284' title='bbox 1114 2279 1135 2310; x_wconf 78' lang='lat'>4</span> <span class='ocrx_word' id='word_1_285' title='bbox 1159 2271 1399 2322; x_wconf 80' lang='grc' dir='ltr'><strong><em>*πράσσεται</em></strong></span> <span class='ocrx_word' id='word_1_286' title='bbox 1422 2295 1467 2300; x_wconf 95' lang='grc'>-</span> <span class='ocrx_word' id='word_1_287' title='bbox 1492 2277 1510 2308; x_wconf 84' lang='lat'><strong>7</strong></span> <span class='ocrx_word' id='word_1_288' title='bbox 1536 2272 1720 2320; x_wconf 77' lang='grc' dir='ltr'><strong><em>πλήθεσιν</em></strong></span> <span class='ocrx_word' id='word_1_289' title='bbox 1744 2284 1811 2309; x_wconf 90' lang='lat' dir='ltr'><strong><em>om.</em></strong></span> 
     </span>
     <span class='ocr_line' id='line_1_33' title="bbox 152 2327 1810 2380; baseline 0.001 -15"><span class='ocrx_word' id='word_1_290' title='bbox 152 2329 224 2365; x_wconf 82' lang='lat' dir='ltr'><strong><em>Lat</em></strong></span> <span class='ocrx_word' id='word_1_291' title='bbox 291 2331 311 2351; x_wconf 89' lang='lat'><em>*</em></span> <span class='ocrx_word' id='word_1_292' title='bbox 320 2333 373 2371; x_wconf 83' lang='grc' dir='ltr'><strong><em>τε]</em></strong></span> <span class='ocrx_word' id='word_1_293' title='bbox 397 2343 441 2376; x_wconf 86' lang='grc' dir='ltr'><strong><em>γε</em></strong></span> <span class='ocrx_word' id='word_1_294' title='bbox 463 2332 496 2365; x_wconf 89' lang='grc' dir='ltr'><strong>Α</strong></span> <span class='ocrx_word' id='word_1_295' title='bbox 564 2327 662 2367; x_wconf 73' lang='grc' dir='ltr'><strong><em>*ἀπ’</em></strong></span> <span class='ocrx_word' id='word_1_296' title='bbox 688 2327 824 2374; x_wconf 76' lang='grc' dir='ltr'><strong><em>αὐτῶν]</em></strong></span> <span class='ocrx_word' id='word_1_297' title='bbox 850 2328 916 2369; x_wconf 77' lang='grc' dir='ltr'><strong><em>ὑπ’</em></strong></span> <span class='ocrx_word' id='word_1_298' title='bbox 941 2327 1067 2369; x_wconf 77' lang='grc' dir='ltr'><strong><em>αὐτῶν</em></strong></span> <span class='ocrx_word' id='word_1_299' title='bbox 1089 2332 1238 2367; x_wconf 83' lang='lat' dir='ltr'>Ernesti</span> <span class='ocrx_word' id='word_1_300' title='bbox 1260 2327 1326 2368; x_wconf 83' lang='grc' dir='ltr'><strong><em>ἐπ’</em></strong></span> <span class='ocrx_word' id='word_1_301' title='bbox 1352 2327 1454 2380; x_wconf 75' lang='grc' dir='ltr'><strong><em>αὐτῷ</em></strong></span> <span class='ocrx_word' id='word_1_302' title='bbox 1478 2331 1571 2367; x_wconf 88' lang='lat' dir='ltr'><strong>coni.</strong></span> <span class='ocrx_word' id='word_1_303' title='bbox 1642 2333 1662 2366; x_wconf 92' lang='lat'>6</span> <span class='ocrx_word' id='word_1_304' title='bbox 1687 2327 1810 2367; x_wconf 81' lang='grc' dir='ltr'><strong><em>*κατὰ</em></strong></span> 
     </span>
     <span class='ocr_line' id='line_1_34' title="bbox 151 2382 1814 2436; baseline 0.001 -14"><span class='ocrx_word' id='word_1_305' title='bbox 151 2388 185 2422; x_wconf 88' lang='lat' dir='ltr'>A</span> <span class='ocrx_word' id='word_1_306' title='bbox 254 2390 271 2420; x_wconf 78' lang='grc' dir='ltr'>ἵ</span> <span class='ocrx_word' id='word_1_307' title='bbox 297 2383 446 2428; x_wconf 75' lang='grc' dir='ltr'><strong><em>*ἄλλως</em></strong></span> <span class='ocrx_word' id='word_1_308' title='bbox 470 2382 662 2436; x_wconf 72' lang='grc' dir='ltr'><strong><em>α’νεκτοὺς]</em></strong></span> <span class='ocrx_word' id='word_1_309' title='bbox 686 2384 734 2424; x_wconf 72' lang='grc' dir='ltr'><strong><em>ἄν</em></strong></span> <span class='ocrx_word' id='word_1_310' title='bbox 757 2386 885 2426; x_wconf 77' lang='grc' dir='ltr'><strong><em>ἄλλωσ</em></strong></span> <span class='ocrx_word' id='word_1_311' title='bbox 909 2386 1058 2432; x_wconf 61' lang='lat' dir='ltr'><strong><em>escwi-0,</em></strong></span> <span class='ocrx_word' id='word_1_312' title='bbox 1081 2389 1104 2425; x_wconf 88' lang='lat' dir='ltr'><strong><em>i.</em></strong></span> <span class='ocrx_word' id='word_1_313' title='bbox 1121 2399 1230 2433; x_wconf 84' lang='lat' dir='ltr'><strong>marg.</strong></span> <span class='ocrx_word' id='word_1_314' title='bbox 1255 2402 1304 2435; x_wconf 97' lang='grc' dir='ltr'><strong><em>γρ</em></strong></span> <span class='ocrx_word' id='word_1_315' title='bbox 1327 2383 1514 2425; x_wconf 74' lang='grc' dir='ltr'><strong><em>ἄνεκτοὺσ</em></strong></span> <span class='ocrx_word' id='word_1_316' title='bbox 1528 2389 1562 2423; x_wconf 89' lang='lat' dir='ltr'>A</span> <span class='ocrx_word' id='word_1_317' title='bbox 1655 2389 1674 2422; x_wconf 89' lang='grc'>8</span> <span class='ocrx_word' id='word_1_318' title='bbox 1697 2400 1814 2424; x_wconf 87' lang='grc' dir='ltr'><strong><em>κατα-</em></strong></span> 
     </span>
     <span class='ocr_line' id='line_1_35' title="bbox 151 2442 1813 2491; baseline -0.002 -8"><span class='ocrx_word' id='word_1_319' title='bbox 151 2446 273 2479; x_wconf 74' lang='grc' dir='ltr'><strong><em>λιπεῖν</em></strong></span> <span class='ocrx_word' id='word_1_320' title='bbox 293 2442 416 2477; x_wconf 84' lang='lat' dir='ltr'><strong><em>MWE</em></strong></span> <span class='ocrx_word' id='word_1_321' title='bbox 488 2445 528 2477; x_wconf 87' lang='lat'><strong><em>10</em></strong></span> <span class='ocrx_word' id='word_1_322' title='bbox 553 2442 633 2484; x_wconf 80' lang='grc' dir='ltr'><strong><em>*εἰς</em></strong></span> <span class='ocrx_word' id='word_1_323' title='bbox 653 2463 700 2469; x_wconf 92' lang='grc'><strong><em>-·</em></strong></span> <span class='ocrx_word' id='word_1_324' title='bbox 721 2443 967 2488; x_wconf 79' lang='grc' dir='ltr'><strong><em>ἐπιτελοῦσιν]</em></strong></span> <span class='ocrx_word' id='word_1_325' title='bbox 991 2446 1030 2480; x_wconf 80' lang='lat' dir='ltr'><strong><em>in</em></strong></span> <span class='ocrx_word' id='word_1_326' title='bbox 1054 2445 1185 2491; x_wconf 79' lang='lat' dir='ltr'><em>templo</em></span> <span class='ocrx_word' id='word_1_327' title='bbox 1209 2450 1327 2480; x_wconf 80' lang='lat' dir='ltr'><em>autem</em></span> <span class='ocrx_word' id='word_1_328' title='bbox 1351 2443 1586 2480; x_wconf 73' lang='lat' dir='ltr'><em>anathemata</em></span> <span class='ocrx_word' id='word_1_329' title='bbox 1607 2442 1813 2489; x_wconf 72' lang='lat' dir='ltr'><em>prohibent,</em></span> 
     </span>
     <span class='ocr_line' id='line_1_36' title="bbox 149 2495 1813 2547; baseline 0.002 -14"><span class='ocrx_word' id='word_1_330' title='bbox 149 2498 333 2543; x_wconf 77' lang='lat' dir='ltr'><em>sacrificia</em></span> <span class='ocrx_word' id='word_1_331' title='bbox 350 2498 412 2532; x_wconf 79' lang='lat' dir='ltr'><strong><em>uel</em></strong></span> <span class='ocrx_word' id='word_1_332' title='bbox 433 2497 570 2533; x_wconf 76' lang='lat' dir='ltr'><em>hostias</em></span> <span class='ocrx_word' id='word_1_333' title='bbox 593 2510 673 2534; x_wconf 83' lang='lat' dir='ltr'><strong><em>cum</em></strong></span> <span class='ocrx_word' id='word_1_334' title='bbox 689 2501 833 2547; x_wconf 81' lang='lat' dir='ltr'><em>populo</em></span> <span class='ocrx_word' id='word_1_335' title='bbox 858 2512 932 2536; x_wconf 77' lang='lat' dir='ltr'><strong><em>non</em></strong></span> <span class='ocrx_word' id='word_1_336' title='bbox 948 2501 1130 2537; x_wconf 81' lang='lat' dir='ltr'><em>celebrant</em></span> <span class='ocrx_word' id='word_1_337' title='bbox 1146 2501 1218 2536; x_wconf 82' lang='lat' dir='ltr'><strong><em>Lat</em></strong></span> <span class='ocrx_word' id='word_1_338' title='bbox 1286 2498 1558 2547; x_wconf 76' lang='grc' dir='ltr'><strong><em>*ἀναθήματα1</em></strong></span> <span class='ocrx_word' id='word_1_339' title='bbox 1583 2495 1813 2545; x_wconf 77' lang='grc' dir='ltr'><strong><em>ἀναθήματά</em></strong></span> 
     </span>
     <span class='ocr_line' id='line_1_37' title="bbox 149 2550 1722 2599; baseline 0 -7"><span class='ocrx_word' id='word_1_340' title='bbox 149 2568 192 2592; x_wconf 88' lang='grc' dir='ltr'><strong><em>τε</em></strong></span> <span class='ocrx_word' id='word_1_341' title='bbox 215 2555 305 2590; x_wconf 87' lang='grc' dir='ltr'><strong><em>ΜΨ</em></strong></span> <span class='ocrx_word' id='word_1_342' title='bbox 395 2553 642 2597; x_wconf 81' lang='grc' dir='ltr'><strong><em>ἐπιτελοῦσιν]</em></strong></span> <span class='ocrx_word' id='word_1_343' title='bbox 668 2550 736 2592; x_wconf 75' lang='grc' dir='ltr'><strong><em>οὐκ</em></strong></span> <span class='ocrx_word' id='word_1_344' title='bbox 759 2554 969 2594; x_wconf 81' lang='grc' dir='ltr'><strong><em>ἐπιτελοῦσι</em></strong></span> <span class='ocrx_word' id='word_1_345' title='bbox 993 2557 1099 2593; x_wconf 84' lang='lat' dir='ltr'><strong>ELat</strong></span> <span class='ocrx_word' id='word_1_346' title='bbox 1192 2560 1230 2592; x_wconf 88' lang='lat'><strong><em>11</em></strong></span> <span class='ocrx_word' id='word_1_347' title='bbox 1257 2553 1308 2593; x_wconf 76' lang='grc' dir='ltr'><strong><em>δι’</em></strong></span> <span class='ocrx_word' id='word_1_348' title='bbox 1333 2553 1440 2599; x_wconf 74' lang='grc' dir='ltr'><strong><em>αὐτὸ]</em></strong></span> <span class='ocrx_word' id='word_1_349' title='bbox 1465 2554 1522 2593; x_wconf 78' lang='grc' dir='ltr'><strong><em>διὰ</em></strong></span> <span class='ocrx_word' id='word_1_350' title='bbox 1549 2559 1662 2593; x_wconf 88' lang='grc' dir='ltr'><strong><em>τοῦτο</em></strong></span> <span class='ocrx_word' id='word_1_351' title='bbox 1688 2556 1722 2591; x_wconf 92' lang='grc' dir='ltr'><strong>Ε</strong></span> 
     </span>
     <span class='ocr_line' id='line_1_38' title="bbox 150 2607 1812 2660; baseline -0.001 -12"><span class='ocrx_word' id='word_1_352' title='bbox 150 2608 395 2659; x_wconf 79' lang='grc' dir='ltr'><strong><em>*εὶργόμενοι</em></strong></span> <span class='ocrx_word' id='word_1_353' title='bbox 418 2612 469 2645; x_wconf 86' lang='lat' dir='ltr'><strong><em>A²</em></strong></span> <span class='ocrx_word' id='word_1_354' title='bbox 563 2614 604 2646; x_wconf 86' lang='lat'><strong><em>12</em></strong></span> <span class='ocrx_word' id='word_1_355' title='bbox 629 2612 798 2654; x_wconf 85' lang='grc' dir='ltr'><strong><em>*κοινοῦ,</em></strong></span> <span class='ocrx_word' id='word_1_356' title='bbox 820 2612 845 2648; x_wconf 91' lang='lat' dir='ltr'><strong><em>i.</em></strong></span> <span class='ocrx_word' id='word_1_357' title='bbox 862 2624 971 2658; x_wconf 76' lang='lat' dir='ltr'>marg.</span> <span class='ocrx_word' id='word_1_358' title='bbox 996 2627 1044 2660; x_wconf 89' lang='grc' dir='ltr'><strong><em>γρ</em></strong></span> <span class='ocrx_word' id='word_1_359' title='bbox 1068 2616 1138 2650; x_wconf 87' lang='grc' dir='ltr'><strong><em>τοῦ</em></strong></span> <span class='ocrx_word' id='word_1_360' title='bbox 1159 2617 1292 2650; x_wconf 82' lang='grc' dir='ltr'><strong><em>καινοῦ</em></strong></span> <span class='ocrx_word' id='word_1_361' title='bbox 1307 2615 1341 2648; x_wconf 90' lang='lat' dir='ltr'>A</span> <span class='ocrx_word' id='word_1_362' title='bbox 1432 2608 1511 2658; x_wconf 72' lang='grc' dir='ltr'><strong><em>ἐφ’]</em></strong></span> <span class='ocrx_word' id='word_1_363' title='bbox 1536 2612 1569 2647; x_wconf 92' lang='grc' dir='ltr'><strong>Ε</strong></span> <span class='ocrx_word' id='word_1_364' title='bbox 1594 2607 1663 2658; x_wconf 71' lang='grc' dir='ltr'><strong><em>ἀφ’</em></strong></span> <span class='ocrx_word' id='word_1_365' title='bbox 1688 2611 1812 2646; x_wconf 86' lang='lat' dir='ltr'><strong><em>AMW</em></strong></span> 
     </span>
    </p>

    <p class='ocr_par' dir='ltr' id='par_1_10' title="bbox 150 2662 1812 2998">
     <span class='ocr_line' id='line_1_39' title="bbox 265 2662 1812 2716; baseline 0 -12"><span class='ocrx_word' id='word_1_366' title='bbox 265 2665 410 2704; x_wconf 75' lang='grc' dir='ltr'><strong><em>ἑαυτῶν</em></strong></span> <span class='ocrx_word' id='word_1_367' title='bbox 433 2666 467 2701; x_wconf 87' lang='grc' dir='ltr'><strong>Ε</strong></span> <span class='ocrx_word' id='word_1_368' title='bbox 551 2670 590 2702; x_wconf 87' lang='grc'><strong><em>13</em></strong></span> <span class='ocrx_word' id='word_1_369' title='bbox 615 2667 664 2709; x_wconf 82' lang='grc' dir='ltr'><strong><em>δὲ]</em></strong></span> <span class='ocrx_word' id='word_1_370' title='bbox 690 2681 730 2704; x_wconf 87' lang='grc' dir='ltr'><strong><em>τε</em></strong></span> <span class='ocrx_word' id='word_1_371' title='bbox 753 2668 787 2703; x_wconf 91' lang='grc' dir='ltr'><strong>Ε</strong></span> <span class='ocrx_word' id='word_1_372' title='bbox 867 2666 1025 2716; x_wconf 73' lang='grc' dir='ltr'><strong><em>*ἄνδρες</em></strong></span> <span class='ocrx_word' id='word_1_373' title='bbox 1048 2680 1116 2705; x_wconf 93' lang='lat' dir='ltr'><strong><em>om.</em></strong></span> <span class='ocrx_word' id='word_1_374' title='bbox 1142 2669 1255 2705; x_wconf 81' lang='lat' dir='ltr'><strong>MLat</strong></span> <span class='ocrx_word' id='word_1_375' title='bbox 1337 2673 1378 2704; x_wconf 77' lang='lat'><strong><em>14</em></strong></span> <span class='ocrx_word' id='word_1_376' title='bbox 1402 2669 1441 2706; x_wconf 76' lang='grc' dir='ltr'><strong><em>δὲ</em></strong></span> <span class='ocrx_word' id='word_1_377' title='bbox 1463 2668 1586 2703; x_wconf 88' lang='grc' dir='ltr'><strong><em>ΜΨΕ</em></strong></span> <span class='ocrx_word' id='word_1_378' title='bbox 1657 2670 1698 2702; x_wconf 89' lang='lat'><strong><em>15</em></strong></span> <span class='ocrx_word' id='word_1_379' title='bbox 1724 2662 1812 2704; x_wconf 82' lang='grc' dir='ltr'><strong><em>τόδε</em></strong></span> 
     </span>
     <span class='ocr_line' id='line_1_40' title="bbox 150 2719 1810 2772; baseline 0 -12"><span class='ocrx_word' id='word_1_380' title='bbox 150 2720 208 2761; x_wconf 81' lang='grc' dir='ltr'><strong><em>διὰ</em></strong></span> <span class='ocrx_word' id='word_1_381' title='bbox 234 2720 293 2765; x_wconf 87' lang='grc' dir='ltr'><strong><em>τὸ]</em></strong></span> <span class='ocrx_word' id='word_1_382' title='bbox 318 2719 363 2759; x_wconf 88' lang='grc' dir='ltr'><strong><em>τὸ</em></strong></span> <span class='ocrx_word' id='word_1_383' title='bbox 389 2724 535 2760; x_wconf 75' lang='grc' dir='ltr'><strong><em>όίκαιον</em></strong></span> <span class='ocrx_word' id='word_1_384' title='bbox 559 2723 680 2758; x_wconf 89' lang='grc' dir='ltr'><strong><em>ΜΨΕ</em></strong></span> <span class='ocrx_word' id='word_1_385' title='bbox 704 2737 753 2770; x_wconf 90' lang='grc' dir='ltr'><strong><em>γρ</em></strong></span> <span class='ocrx_word' id='word_1_386' title='bbox 778 2720 823 2760; x_wconf 88' lang='grc' dir='ltr'><strong><em>τὸ</em></strong></span> <span class='ocrx_word' id='word_1_387' title='bbox 848 2726 994 2761; x_wconf 79' lang='grc' dir='ltr'><strong><em>δίκαιον</em></strong></span> <span class='ocrx_word' id='word_1_388' title='bbox 1016 2728 1200 2772; x_wconf 80' lang='grc' dir='ltr'><strong><em>μηδαμῶσ</em></strong></span> <span class='ocrx_word' id='word_1_389' title='bbox 1222 2725 1246 2760; x_wconf 85' lang='lat' dir='ltr'><strong><em>i.</em></strong></span> <span class='ocrx_word' id='word_1_390' title='bbox 1270 2735 1382 2769; x_wconf 85' lang='lat' dir='ltr'><strong>marg.</strong></span> <span class='ocrx_word' id='word_1_391' title='bbox 1407 2726 1441 2759; x_wconf 91' lang='lat' dir='ltr'>A</span> <span class='ocrx_word' id='word_1_392' title='bbox 1551 2727 1592 2758; x_wconf 87' lang='grc'><strong><em>16</em></strong></span> <span class='ocrx_word' id='word_1_393' title='bbox 1619 2719 1742 2760; x_wconf 75' lang='grc' dir='ltr'><strong><em>*ἀλλὰ</em></strong></span> <span class='ocrx_word' id='word_1_394' title='bbox 1768 2744 1810 2748; x_wconf 89' lang='grc'><strong>-</strong></span> 
     </span>
     <span class='ocr_line' id='line_1_41' title="bbox 151 2776 1767 2828; baseline -0.001 -12"><span class='ocrx_word' id='word_1_395' title='bbox 151 2784 190 2816; x_wconf 77' lang='grc' dir='ltr'><strong><em>1ῖ</em></strong></span> <span class='ocrx_word' id='word_1_396' title='bbox 217 2781 484 2816; x_wconf 79' lang='grc' dir='ltr'><strong><em>*κεκωλῦσθαι</em></strong></span> <span class='ocrx_word' id='word_1_397' title='bbox 500 2791 569 2816; x_wconf 92' lang='lat' dir='ltr'><strong><em>om.</em></strong></span> <span class='ocrx_word' id='word_1_398' title='bbox 585 2779 657 2816; x_wconf 81' lang='lat' dir='ltr'><strong><em>Lat</em></strong></span> <span class='ocrx_word' id='word_1_399' title='bbox 725 2780 835 2826; x_wconf 79' lang='grc' dir='ltr'><strong><em>*μηδὲ</em></strong></span> <span class='ocrx_word' id='word_1_400' title='bbox 851 2780 939 2815; x_wconf 82' lang='grc' dir='ltr'><strong><em>ΜΨ</em></strong></span> <span class='ocrx_word' id='word_1_401' title='bbox 1012 2784 1049 2815; x_wconf 83' lang='grc'><strong><em>17</em></strong></span> <span class='ocrx_word' id='word_1_402' title='bbox 1069 2776 1263 2817; x_wconf 77' lang='grc' dir='ltr'><strong><em>συνελθὼν</em></strong></span> <span class='ocrx_word' id='word_1_403' title='bbox 1279 2781 1312 2815; x_wconf 90' lang='grc' dir='ltr'><strong>Ε</strong></span> <span class='ocrx_word' id='word_1_404' title='bbox 1380 2778 1442 2816; x_wconf 84' lang='grc' dir='ltr'><strong><em>*ἐν</em></strong></span> <span class='ocrx_word' id='word_1_405' title='bbox 1465 2782 1521 2828; x_wconf 80' lang='grc' dir='ltr'><strong><em>τῷ</em></strong></span> <span class='ocrx_word' id='word_1_406' title='bbox 1538 2779 1621 2815; x_wconf 86' lang='lat' dir='ltr'><strong>fort.</strong></span> <span class='ocrx_word' id='word_1_407' title='bbox 1640 2780 1767 2824; x_wconf 81' lang='lat' dir='ltr'>spuria</span> 
     </span>
     <span class='ocr_line' id='line_1_42' title="bbox 151 2831 1811 2878; baseline 0 -6"><span class='ocrx_word' id='word_1_408' title='bbox 151 2838 194 2872; x_wconf 84' lang='lat'><strong><em>18</em></strong></span> <span class='ocrx_word' id='word_1_409' title='bbox 218 2835 321 2873; x_wconf 84' lang='grc' dir='ltr'><strong><em>ἐστιν</em></strong></span> <span class='ocrx_word' id='word_1_410' title='bbox 345 2831 485 2878; x_wconf 78' lang='grc' dir='ltr'><strong><em>αὐτοῖς]</em></strong></span> <span class='ocrx_word' id='word_1_411' title='bbox 511 2833 643 2873; x_wconf 82' lang='grc' dir='ltr'><strong><em>αὖτοῖσ</em></strong></span> <span class='ocrx_word' id='word_1_412' title='bbox 666 2834 769 2873; x_wconf 80' lang='grc' dir='ltr'><strong><em>ἐστὶν</em></strong></span> <span class='ocrx_word' id='word_1_413' title='bbox 792 2835 880 2871; x_wconf 92' lang='grc' dir='ltr'><strong><em>ΜΨ</em></strong></span> <span class='ocrx_word' id='word_1_414' title='bbox 905 2832 1039 2873; x_wconf 81' lang='grc' dir='ltr'><strong><em>αὕτοῖσ</em></strong></span> <span class='ocrx_word' id='word_1_415' title='bbox 1062 2834 1157 2873; x_wconf 81' lang='grc' dir='ltr'><strong><em>εἶναι</em></strong></span> <span class='ocrx_word' id='word_1_416' title='bbox 1180 2836 1214 2871; x_wconf 91' lang='grc' dir='ltr'><strong>Ε</strong></span> <span class='ocrx_word' id='word_1_417' title='bbox 1314 2831 1531 2872; x_wconf 73' lang='grc' dir='ltr'><strong><em>*ἀπολαύοι</em></strong></span> <span class='ocrx_word' id='word_1_418' title='bbox 1555 2835 1604 2870; x_wconf 88' lang='lat' dir='ltr'>W</span> <span class='ocrx_word' id='word_1_419' title='bbox 1695 2835 1745 2877; x_wconf 81' lang='grc' dir='ltr'><strong><em>δὲ]</em></strong></span> <span class='ocrx_word' id='word_1_420' title='bbox 1770 2848 1811 2872; x_wconf 85' lang='grc' dir='ltr'><strong><em>τε</em></strong></span> 
     </span>
     <span class='ocr_line' id='line_1_43' title="bbox 150 2889 1810 2942; baseline -0.001 -13"><span class='ocrx_word' id='word_1_421' title='bbox 150 2893 244 2929; x_wconf 88' lang='lat' dir='ltr'><strong>coni.</strong></span> <span class='ocrx_word' id='word_1_422' title='bbox 315 2895 357 2928; x_wconf 82' lang='lat'><strong><em>20</em></strong></span> <span class='ocrx_word' id='word_1_423' title='bbox 382 2889 600 2939; x_wconf 83' lang='grc' dir='ltr'><strong><em>*εἰσάγοντε</em></strong></span> <span class='ocrx_word' id='word_1_424' title='bbox 617 2892 664 2927; x_wconf 91' lang='lat' dir='ltr'>W</span> <span class='ocrx_word' id='word_1_425' title='bbox 735 2895 774 2927; x_wconf 88' lang='lat'><strong><em>21</em></strong></span> <span class='ocrx_word' id='word_1_426' title='bbox 802 2892 969 2938; x_wconf 83' lang='grc' dir='ltr'><strong><em>*κτῆσιν,</em></strong></span> <span class='ocrx_word' id='word_1_427' title='bbox 994 2906 1015 2928; x_wconf 89' lang='grc' dir='ltr'><strong><em>ν</em></strong></span> <span class='ocrx_word' id='word_1_428' title='bbox 1030 2893 1054 2927; x_wconf 89' lang='lat' dir='ltr'><strong><em>i.</em></strong></span> <span class='ocrx_word' id='word_1_429' title='bbox 1071 2903 1143 2927; x_wconf 82' lang='lat' dir='ltr'>ras.</span> <span class='ocrx_word' id='word_1_430' title='bbox 1162 2893 1195 2926; x_wconf 93' lang='lat' dir='ltr'>A</span> <span class='ocrx_word' id='word_1_431' title='bbox 1266 2894 1310 2926; x_wconf 86' lang='lat'><strong><em>22</em></strong></span> <span class='ocrx_word' id='word_1_432' title='bbox 1327 2892 1392 2928; x_wconf 81' lang='grc' dir='ltr'><strong><em>*δὲ</em></strong></span> <span class='ocrx_word' id='word_1_433' title='bbox 1407 2891 1496 2927; x_wconf 90' lang='grc' dir='ltr'><strong><em>ΜΨ</em></strong></span> <span class='ocrx_word' id='word_1_434' title='bbox 1567 2894 1608 2927; x_wconf 84' lang='lat'><strong><em>23</em></strong></span> <span class='ocrx_word' id='word_1_435' title='bbox 1626 2893 1810 2942; x_wconf 80' lang='grc' dir='ltr'><strong><em>διακονίᾳ]</em></strong></span> 
     </span>
     <span class='ocr_line' id='line_1_44' title="bbox 150 2944 1808 2998; baseline -0.002 -13"><span class='ocrx_word' id='word_1_436' title='bbox 150 2948 184 2984; x_wconf 90' lang='grc' dir='ltr'><strong>Ε</strong></span> <span class='ocrx_word' id='word_1_437' title='bbox 206 2947 268 2985; x_wconf 80' lang='grc' dir='ltr'><strong><em>ἐπὶ</em></strong></span> <span class='ocrx_word' id='word_1_438' title='bbox 291 2949 463 2985; x_wconf 85' lang='grc' dir='ltr'><strong><em>διακονία</em></strong></span> <span class='ocrx_word' id='word_1_439' title='bbox 489 2949 592 2984; x_wconf 89' lang='lat' dir='ltr'>codd.</span> <span class='ocrx_word' id='word_1_440' title='bbox 616 2946 851 2998; x_wconf 81' lang='grc' dir='ltr'><strong><em>ἐπιδιακονίᾳ</em></strong></span> <span class='ocrx_word' id='word_1_441' title='bbox 876 2949 967 2984; x_wconf 88' lang='lat' dir='ltr'>coni.</span> <span class='ocrx_word' id='word_1_442' title='bbox 1073 2944 1259 2994; x_wconf 75' lang='grc' dir='ltr'><strong><em>ἄλλήλουσ</em></strong></span> <span class='ocrx_word' id='word_1_443' title='bbox 1281 2949 1314 2984; x_wconf 90' lang='grc' dir='ltr'><strong>Ε</strong></span> <span class='ocrx_word' id='word_1_444' title='bbox 1419 2945 1692 2996; x_wconf 78' lang='grc' dir='ltr'><strong><em>*ἀποχρῶνται</em></strong></span> <span class='ocrx_word' id='word_1_445' title='bbox 1717 2948 1808 2984; x_wconf 89' lang='lat' dir='ltr'>coni.</span> 
     </span>
    </p>
   </div>
   <div class='ocr_carea' id='block_1_8' title="bbox 1856 443 1899 482">
    <p class='ocr_par' dir='ltr' id='par_1_11' title="bbox 1856 443 1899 482">
     <span class='ocr_line' id='line_1_45' title="bbox 1856 443 1899 482; baseline 0.047 -2"><span class='ocrx_word' id='word_1_446' title='bbox 1856 443 1899 482; x_wconf 89' lang='grc'><strong><em>17</em></strong></span> 
     </span>
    </p>
   </div>
   <div class='ocr_carea' id='block_1_9' title="bbox 1854 779 1900 820">
    <p class='ocr_par' dir='ltr' id='par_1_12' title="bbox 1854 779 1900 820">
     <span class='ocr_line' id='line_1_46' title="bbox 1854 779 1900 820; baseline 0.043 -2"><span class='ocrx_word' id='word_1_447' title='bbox 1854 779 1900 820; x_wconf 77' lang='grc'><strong><em>18</em></strong></span> 
     </span>
    </p>
   </div>
   <div class='ocr_carea' id='block_1_10' title="bbox 1851 917 1899 955">
    <p class='ocr_par' dir='ltr' id='par_1_13' title="bbox 1851 917 1899 955">
     <span class='ocr_line' id='line_1_47' title="bbox 1851 917 1899 955; baseline 0.021 -1"><span class='ocrx_word' id='word_1_448' title='bbox 1851 917 1899 955; x_wconf 83' lang='lat'><strong><em>19</em></strong></span> 
     </span>
    </p>
   </div>
   <div class='ocr_carea' id='block_1_11' title="bbox 1845 1186 1899 1225">
    <p class='ocr_par' dir='ltr' id='par_1_14' title="bbox 1845 1186 1899 1225">
     <span class='ocr_line' id='line_1_48' title="bbox 1845 1186 1899 1225; baseline 0 -1"><span class='ocrx_word' id='word_1_449' title='bbox 1845 1186 1899 1225; x_wconf 81' lang='lat'><strong><em>20</em></strong></span> 
     </span>
    </p>
   </div>
   <div class='ocr_carea' id='block_1_12' title="bbox 1844 1593 1894 1632">
    <p class='ocr_par' dir='ltr' id='par_1_15' title="bbox 1844 1593 1894 1632">
     <span class='ocr_line' id='line_1_49' title="bbox 1844 1593 1894 1632; baseline -0.02 0"><span class='ocrx_word' id='word_1_450' title='bbox 1844 1593 1894 1632; x_wconf 82' lang='lat'><strong><em>21</em></strong></span> 
     </span>
    </p>
   </div>
   <div class='ocr_carea' id='block_1_13' title="bbox 1844 1795 1898 1834">
    <p class='ocr_par' dir='ltr' id='par_1_16' title="bbox 1844 1795 1898 1834">
     <span class='ocr_line' id='line_1_50' title="bbox 1844 1795 1898 1834; baseline 0 0"><span class='ocrx_word' id='word_1_451' title='bbox 1844 1795 1898 1834; x_wconf 85' lang='lat'><strong><em>22</em></strong></span> 
     </span>
    </p>
   </div>
  </div>
 </body>
</html>
