2074 3392
220 190 301 228 138
658 190 821 234 ANTIQ.
846 190 942 227 IUD.
967 191 1091 228 XVIII
1114 192 1439 229 ARGUMENTA.

967 876 1147 929 XVIII.

226 1011 397 1061 Τάδε
443 1013 703 1060 ἔνεστιν
739 1014 803 1060 ἐν
851 1017 924 1074 τῇ
971 1017 1050 1075 ιη’
1085 1017 1215 1061 τῶν
1251 1009 1546 1074 Ἰωσήπου
1586 1012 1887 1076 ἱστοριῶν

557 1097 660 1153 τῆς
697 1089 1041 1153 Ἰουδαϊκῆς
1089 1091 1555 1157 ἀρχαιολογίας.

332 1235 394 1279 ,Ως
425 1233 626 1282 Κυρίνιος
665 1227 751 1270 υπὸ
789 1233 1002 1281 Καίσαρος
1041 1230 1234 1282 ἐπέμφθη
1272 1226 1444 1282 τιμητὴς
1484 1233 1646 1283 Συρίας
1686 1232 1758 1270 καὶ
1791 1227 1886 1271 Ἰου-

219 1284 341 1337 δαίας
371 1289 442 1327 καὶ
473 1284 807 1336 ἀποδωσόμενος
836 1283 914 1339 τὴν
944 1283 1166 1338 Ἀρχελάου
1197 1284 1361 1328 οὗσίαν.

333 1341 393 1393 ὡς
407 1340 646 1392 Κωπώνιος
663 1344 708 1384 ἐκ
723 1348 803 1385 τοῦ
825 1345 1006 1384 ιππικοῦ
1025 1360 1104 1395 τα)
1105 1359 1238 1393 ματος
1259 1343 1484 1396 ἐπέμφθη
1470 1343 1652 1395 ε’παρχος
1674 1340 1883 1392 Ἰουδαίας.

334 1398 392 1449 ὡς
424 1398 575 1449 Ἰούδας
605 1397 629 1440 ὃ
660 1405 885 1450 Γαλιλαῖος
916 1400 1049 1441 ἒεπεισ
1051 1416 1076 1441 ν
1106 1397 1156 1441 τὸ
1177 1405 1344 1453 πληθος
1371 1397 1426 1453 μὴ
1449 1398 1561 1451 ἄπο)
1563 1397 1783 1469 ράψασιθαι
1811 1395 1887 1448 τὰς

218 1456 388 1508 οὐσίας,
427 1458 569 1509 μέχρις
599 1454 788 1510 Ιώζαρος
818 1454 842 1498 ὃ
874 1454 1090 1510 α’ρχιερευς
1121 1457 1281 1498 ἔπεισεν
1312 1454 1470 1506 αὐτοὺς
1499 1461 1668 1506 μᾶλλον
1697 1453 1888 1498 υπακοῦ·

218 1526 286 1555 σαι
308 1512 539 1563 Ρωμαίοις.

330 1575 442 1637 τίνες
479 1571 656 1623 αιρὲσεις
694 1573 762 1611 καὶ
803 1567 959 1611 οπόσαι
997 1567 1112 1622 παρὰ
1140 1568 1354 1620 Ἰουδαίοις
1389 1567 1646 1621 φιλοσόφων
1675 1573 1745 1610 καὶ
1774 1572 1887 1620 τίνες

218 1644 259 1669 οι
290 1643 427 1677 νομοι.

333 1683 391 1734 ὡς
413 1681 602 1737 εΗρεόδης
632 1687 702 1724 καὶ
739 1687 948 1734 Φίλιππος
979 1685 1019 1725 οἱ
1050 1681 1273 1736 τετράρχαι
1303 1680 1448 1733 πόλεις
1478 1683 1647 1725 ἔκτισαν
1677 1685 1735 1732 εἰς
1763 1680 1887 1736 τιμὴν

218 1745 442 1793 Καίσαρος.

334 1796 391 1848 ὡς
421 1803 634 1849 Σαμαρεῖς
665 1795 772 1838 ὀστᾶ
801 1801 967 1849 νεκρῶν
999 1799 1298 1848 διαρρίψαντες
1335 1800 1393 1847 εἰς
1430 1795 1481 1838 τὸ
1521 1794 1636 1849 ἱερὸν
1671 1793 1749 1838 τὸν
1778 1793 1887 1838 λαὸν

217 1852 323 1895 ἑπτὰ
353 1853 508 1907 ἡμέρας
540 1855 727 1903 ἐμίαναν.

333 1909 392 1961 ὡς
421 1908 609 1964 Σαλώμη
640 1927 665 1963 η
697 1909 795 1951 αδελ
799 1926 856 1963 φη
878 1907 1072 1962 ςΗρώδου
1111 1907 1392 1962 τελευτήσασα
1422 1907 1474 1950 τὰ
1505 1907 1634 1961 αὐτῆς
1663 1909 1888 1949 κατέλιπεν
1938 1914 1954 1922 ““
2025 1931 2031 1948 ι

219 1966 368 2022 Ἰουλίᾳ
398 1973 450 2020 τῆ
479 1972 559 2010 τοῦ
589 1971 802 2019 Καίσαρος
835 1971 1002 2019 γαμετῇ.

335 2024 392 2075 ὡς
422 2022 607 2074 Πόντιος
637 2029 824 2074 Πιλᾶτος
861 2022 1039 2076 ηθὲλησε
1079 2019 1223 2074 κρὺᾳα
1262 2025 1319 2072 εἰς
1351 2019 1620 2074 Ἱεροσόλυμα
1660 2022 1888 2072 εἰσενέγκαι

218 2080 440 2135 προτομὰς
470 2085 697 2132 Καίσαρος,
729 2097 753 2122 ο
785 2083 826 2122 δὲ
857 2078 959 2130 λαὸς
991 2079 1044 2122 οὐ
1075 2081 1325 2130 κατεδέξατο
1357 2076 1592 2129 στασιάσας.

332 2225 559 2261 PAMWLat

336 2286 349 2317 1
388 2282 481 2328 ἰωση
501 2302 508 2309 ·
525 2295 599 2319 που
628 2283 662 2317 Α
801 2284 820 2315 3
845 2280 996 2326 singulis
1029 2279 1211 2326 capitibus
1240 2289 1408 2314 numeros
1444 2277 1613 2323 praefigit
1643 2274 1805 2325 α’-κβ’
1829 2276 1890 2322 W,

221 2337 389 2374 I—XXI
409 2339 481 2374 Lat
570 2336 751 2385 κυρήνιοσ
775 2337 897 2373 AMW
989 2336 1136 2383 ἐπέμφη
1159 2336 1199 2370 Μ
1292 2339 1313 2370 4
1337 2333 1635 2381 α’ποδοσόμενοσ
1657 2334 1686 2369 Ρ
1777 2347 1891 2378 μετα-

220 2394 414 2443 πεσούσησ
438 2399 509 2442 τῆσ
533 2397 707 2434 ἰουδαίασ
730 2394 774 2433 ἐκ
797 2396 999 2443 βασιλείασ
1023 2394 1081 2431 εἰσ
1104 2393 1292 2440 ἐπαρχίαν
1314 2395 1399 2438 post
1427 2388 1562 2429 οὐσίαν
1585 2392 1669 2428 add.
1695 2389 1892 2427 AMWLat

335 2456 355 2488 6
381 2452 542 2495 ἔπεισεν]
566 2454 634 2490 καί
656 2465 758 2489 τινεσ
775 2449 899 2498 ἕτεροι
916 2448 1070 2489 ἔπεισαν
1091 2449 1287 2485 AMWLat
1358 2453 1375 2483 ἰ
1393 2451 1456 2486 καὶ
1473 2451 1609 2486 πολλοὶ
1625 2443 1893 2495 ἠκολούθησαν

220 2506 347 2548 αὐτῶν
371 2516 459 2547 ταῖσ
482 2507 656 2557 γνώμαισ
678 2509 763 2555 pos't
788 2504 918 2551 οὐσίας
944 2509 1027 2543 add.
1047 2506 1254 2550 AMWLat,
1277 2506 1316 2540 in
1340 2506 1411 2542 Lat
1434 2508 1671 2542 numerantur
1694 2507 1786 2540 haec
1810 2514 1891 2550 cap.

220 2565 316 2602 IIII
424 2567 534 2615 μέχρι
557 2567 598 2601 Μ
725 2563 922 2612 ἰωιὶζαροσ
946 2564 1069 2599 AMW
1093 2565 1245 2599 iozczrus
1269 2563 1340 2598 Lat
1446 2564 1464 2597 S
1490 2564 1554 2598 καὶ
1577 2558 1891 2608 ἀποτιμήσασθαι

221 2621 313 2660 zoi-r,
337 2625 451 2672 βίουσ
475 2626 560 2669 post
577 2619 776 2667 Ῥωμαίοις
800 2622 883 2658 add.
908 2621 1106 2657 AMWLat
1200 2623 1239 2655 13
1265 2616 1328 2662 ὥς]
1355 2616 1410 2656 ὠσ
1435 2619 1470 2656 οἳ
1494 2618 1534 2653 Μ
1641 2620 1894 2666 διαρίψαντεσ

219 2679 267 2714 W
366 2679 506 2727 ἑορτῆσ
530 2679 773 2726 ἐνεστηκυιάσ
795 2681 879 2724 post
904 2675 1010 2724 ἱερὸν
1034 2678 1117 2713 add.
1143 2677 1339 2712 AMWLat
1452 2673 1549 2712 ναὸν
1572 2675 1660 2710 MW
1779 2678 1819 2709 15
1844 2671 1892 2712 τὰ

221 2732 345 2783 αὐτῆς]
371 2735 544 2782 ἰάμνειαν
568 2741 611 2779 (ει
637 2738 660 2772 i.
685 2748 758 2773 ras.
783 2738 816 2772 A
841 2736 996 2781 ίαμνίαν
1018 2735 1078 2770 W)
1102 2737 1166 2771 καὶ
1191 2731 1257 2781 τὴν
1281 2734 1496 2780 τοπαρχίαν
1519 2727 1638 2779 αὖτῆσ
1660 2734 1724 2768 καὶ
1749 2743 1894 2778 φασαη-

219 2794 304 2829 λίδα
329 2794 539 2838 (faselidam
563 2795 646 2837 Lat)
671 2797 734 2831 καὶ
758 2789 962 2841 ἅρχελαΐδα
988 2792 1184 2828 AMWLat
1274 2790 1497 2827 κατέλειπεν
1519 2788 1548 2824 Ρ
1663 2791 1704 2824 16
1730 2791 1798 2825 τοῦ
1821 2798 1891 2824 om.

220 2849 341 2884 AMW
458 2854 616 2897 γαμετῇῐ
641 2852 790 2898 γυναικί
813 2850 936 2886 AMW
1067 2853 1106 2884 17
1133 2851 1299 2890 Πιλᾶτος
1323 2857 1390 2882 om.
1415 2845 1488 2881 Lat
1603 2844 1810 2891 εἰσενέγκαι
1834 2843 1893 2881 εἰσ

221 2903 453 2952 ἱεροσόλυμα
478 2910 523 2943 tr.
543 2907 664 2943 AMW
737 2910 777 2943 18
804 2905 825 2944 ὃ
851 2907 890 2944 δὲ
911 2928 947 2932 -
968 2903 1186 2948 στασιάσας]
1212 2901 1329 2951 γνοὺσ
1353 2903 1391 2939 δὲ
1411 2898 1431 2939 ὁ
1450 2898 1548 2939 λαὸσ
1563 2900 1770 2939 ἐστασίασε
1787 2898 1893 2949 πρὸσ

222 2959 340 2999 αὐτὸν
364 2960 450 3010 ἄχρι
475 2963 694 3009 ἐξεκόμισεν
719 2961 840 3002 αὐτὰσ
864 2960 942 3001 ἀπὸ
969 2959 1230 3009 ἳεροσολύμων
1254 2960 1312 2997 είσ
1334 2956 1558 3005 καισάρειαν
1582 2958 1779 2994 AMWLat
