2074 3392
156 423 239 464 205

157 694 239 735 206

157 966 238 1006 207

158 1371 239 1413 208

159 1509 239 1549 209

159 1781 241 1821 210

272 239 353 278 356
761 241 954 278 IOSEPHI
981 241 1098 277 VITA
1122 244 1301 279 204-210
1326 246 1464 288 (41.-12)

270 354 544 410 παρακαλεῖν
585 350 834 412 ἀφικέσθαι
873 353 990 407 πρὸς
1027 350 1183 398 αὐτόν·
1223 359 1389 400 ποθεῖν
1427 357 1510 414 γὰρ
1551 359 1636 415 ἔφη
1672 357 1940 404 θεάσασθαι

268 421 347 464 τὸν
377 421 474 465 υἱὸν
505 421 593 478 πρὸ
625 424 705 465 τοῦ
732 423 1006 479 τελευτῆσαι.
1064 424 1204 465 ταῦτα
1245 423 1295 480 δὴ
1337 424 1452 481 πρὸς
1486 424 1590 476 τοὺς
1620 425 1780 483 φίλους
1810 423 1939 470 εἶπον
1983 419 1988 429 ’

268 490 343 532 καὶ
374 484 444 532 ότι
473 489 586 543 μετὰ
616 494 767 547 τρίτην
797 487 964 548 ἡμέραν
993 489 1252 533 καταλιπών
1291 490 1370 548 τὴν
1405 493 1554 572 χώραν
1586 489 1730 536 αὐτῶν
1767 493 1830 544 εἷς
1857 494 1938 553 τὴν
1995 544 1997 546 v

269 557 469 612 πατρίδα
498 562 815 616 πορευσοίμην.
866 557 983 615 λύπη
1008 553 1049 600 δ
1077 573 1281 608 απαντας
1309 559 1411 611 τοὺς
1437 557 1738 612 κᾶκουσαντας
1756 565 1939 618 κατέσχε
1988 606 1991 610 ,
2036 549 2042 556 ἡ

270 625 547 680 παρεκάλουν
576 641 625 668 τε
650 627 877 676 κλαίοντες
906 624 964 682 μὴ
999 625 1307 680 ἐγκαταλιπεῖν
1339 622 1498 679 αὐτους
1524 624 1870 683 ἀπολουμένους,
1901 629 1942 674 εἰ
1973 643 1996 664 ³*

269 695 348 748 τῆς
378 692 484 751 ἐμῆς
516 697 781 751 στρατηγίας
813 688 1181 749 ἀποστερηθεῖεν.
1243 689 1294 737 οὗ
1323 695 1638 747 κατανεύοντος
1669 696 1718 739 δέ
1737 713 1822 752 μου
1840 706 1942 748 ταῖς

271 760 477 812 ἱκετείαις
514 756 680 814 αὐτῶν,
722 757 834 803 ἀλλὰ
874 762 978 817 περὶ
1016 763 1096 819 τῆς
1137 760 1328 815 ἐμαυτοῦ
1359 763 1670 819 φροντίζοντος
1705 768 1940 823 σωτηρίας,

271 828 497 879 δείσαντες
540 829 582 872 οἱ
623 829 878 882 Γαλιλαῖοι,
918 827 976 885 μὴ
1019 824 1302 879 ἀπελθόντος
1333 825 1711 890 εὐκαταφρόνητοι
1739 841 1834 884 τοῖς
1864 833 1942 891 λῃ-
1994 829 1998 836 ’

271 904 397 946 σταῖς
427 899 643 951 γένοιντο,
683 899 941 951 πέμπουσιν
973 895 1037 947 εἷς
1067 895 1145 953 τὴν
1178 898 1422 940 Γαλιλαίαν
1455 893 1636 942 ἅπασαν
1664 900 1768 951 τοὺς
1798 915 1942 958 σημα-

271 965 455 1013 νοῦντας
491 963 570 1019 τὴν
610 962 718 1020 ἐμὴν
754 963 929 1021 γνώμην
968 965 1072 1018 περὶ
1118 966 1195 1023 τῆς
1238 961 1512 1023 ἀπαλλαγῆς.
1582 969 1744 1012 πολλοὶ
1785 968 1833 1012 δὲ
1868 969 1943 1012 καὶ
1985 984 1988 1003 2

271 1031 558 1084 πανταχόθεν
590 1031 894 1090 συνήχθησαν,
936 1029 997 1082 (ὃς
1030 1031 1239 1089 ἥκουσαν,
1276 1032 1388 1087 μετὰ
1419 1036 1635 1089 γυναικῶν
1663 1036 1737 1079 καὶ
1766 1038 1941 1088 τέκνων,
1988 1054 1990 1057 ’

272 1115 321 1142 ου
354 1099 514 1156 πόθῳ,
556 1100 672 1142 δοκω
701 1117 800 1154 μοι,
839 1101 904 1155 τῶ
938 1099 1054 1157 πρὸς
1084 1099 1160 1155 εμὲ
1189 1102 1358 1155 μᾶλλον
1388 1119 1414 1158 η
1445 1118 1507 1158 τῳ
1540 1103 1646 1159 περὶ
1678 1101 1821 1147 αυτιῦν
1852 1104 1944 1148 δέει

270 1169 400 1210 τοῦτο
433 1166 726 1221 πράττοντες·
760 1167 868 1222 εμοῦ
897 1167 981 1224 γὰρ
1012 1172 1346 1224 παραμένοντος
1376 1173 1623 1214 πείσεσθαι
1653 1169 1786 1214 κακὸν
1816 1167 1943 1215 οὐδὲν
1988 1222 1990 1227 Ι

270 1232 309 1276 ὗ
302 1236 385 1277 τελ
389 1235 535 1290 αιιβαι
539 1252 600 1278 ον
659 1239 764 1291 ἡκον
796 1234 872 1278 οὖν
893 1235 1059 1287 πάντες
1083 1235 1145 1287 εἷς
1166 1236 1215 1279 τὸ
1238 1240 1350 1293 μέγα
1372 1237 1542 1288 πεδίον,
1574 1237 1619 1280 έν
1640 1233 1677 1294 ὦ
1698 1237 1942 1295 διέτριβον·

266 1298 460 1356 Ἀσωχίς
492 1302 657 1346 ἐστιν’
642 1300 783 1359 όνομα
816 1299 949 1359 αυτιῦ.

384 1374 452 1413 42.
511 1370 604 1415 Διά
637 1371 684 1414 δὲ
713 1373 791 1429 τῆς
823 1371 975 1423 νυκτὸς
1006 1371 1171 1429 ἐκείνης
1201 1372 1460 1427 θαυμάσιον
1491 1372 1586 1416 οἷον
1616 1369 1788 1430 ὄνειρον
1809 1372 1944 1418 ἐθεα-

272 1438 438 1496 σάμην·
480 1438 579 1482 επεὶ
616 1438 700 1495 γὰρ
741 1438 804 1490 εἰς
841 1443 991 1497 κοίτην
1032 1439 1287 1498 ἑτραπόιιην
1328 1439 1402 1483 διὰ
1432 1439 1487 1483 τὰ
1517 1443 1743 1497 γραφέντα
1777 1440 1946 1485 λυπού-

271 1523 402 1560 μενος
431 1508 503 1550 καὶ
533 1510 867 1563 τεταραγμένος,
900 1507 1031 1558 έδοξά
1061 1525 1161 1551 τινα
1183 1509 1324 1565 λεγειν
1355 1507 1602 1552 επιστάντα
1622 1525 1713 1563 μοι,
1742 1511 1947 1591 ,παῦσαι
1995 1503 1999 1506 ’
2023 1516 2026 1519 ’

271 1574 350 1632 την
381 1574 538 1631 ψυχήν,
571 1573 604 1616 εὖ
639 1578 778 1627 οὗτος,
812 1570 968 1631 αλγιῦν,
1002 1577 1172 1627 παντὸς
1203 1573 1244 1618 ὅ
1273 1571 1567 1620 ἀπαλλάσσου
1589 1575 1755 1634 φόβου·
1785 1576 1841 1620 τὰ
1861 1576 1946 1635 γὰρ

273 1642 499 1685 λυποῦντά
531 1658 580 1685 σε
610 1645 817 1698 μέγιστον
849 1643 1032 1699 ποιήσει
1060 1661 1133 1688 και
1166 1661 1210 1688 εν
1241 1647 1381 1688 πᾶσιν
1421 1639 1745 1698 ευτυχέστατον,
1785 1661 1945 1702 κατορ-
1977 1668 1980 1670 Α
2041 1645 2044 1659 '

271 1709 443 1761 θώσεις
473 1706 514 1753 δ’
552 1706 601 1753 οὗ
633 1709 768 1765 μόνον
797 1713 958 1764 ταῦτα,
992 1707 1105 1754 ἀλλὰ
1136 1714 1210 1756 καὶ
1242 1711 1390 1755 πολλὰ
1423 1712 1562 1768 ἕτερα.
1621 1710 1681 1770 μὴ
1711 1707 1848 1767 κάμνε
1878 1711 1946 1770 δή,

273 1780 469 1835 μέμνησο
505 1773 547 1820 δ’
591 1773 662 1821 ὅτι
697 1780 771 1821 καὶ
799 1775 1031 1833 Ῥωμαίοις
1063 1780 1130 1823 δεῖ
1170 1796 1219 1824 σε
1248 1781 1546 1837 πολεμῆσαι.“
1604 1781 1761 1824 τοῦτον
1792 1780 1840 1824 δὲ
1868 1779 1947 1825 τὸν

273 1842 446 1901 ὄνειρον
478 1845 763 1901 θεασάμενος
795 1846 1085 1902 διανίσταμαι
1121 1850 1365 1904 καταβῆναι
1396 1847 1771 1904 προθυμούμενος
1801 1847 1865 1899 εἰς
1893 1846 1944 1892 τὸ

274 1913 445 1977 πεδίον.
507 1913 623 1969 πρὸς
662 1914 709 1957 δὲ
747 1913 826 1970 τὴν
864 1913 972 1971 ἐμὴν
1003 1911 1113 1970 ὄψιν
1143 1918 1236 1958 πᾶν
1266 1915 1315 1959 τὸ
1349 1917 1529 1972 πλῆθος
1559 1918 1647 1958 τῶν
1679 1916 1945 1968 Γαλιλαίων,

271 1979 385 2036 ἦσαν
426 1977 467 2023 δ’
514 1981 558 2024 ἐν
599 1977 748 2032 αὐτοῖς
786 1985 986 2038 γυναῖκές
1024 1999 1072 2025 τε
1111 1984 1184 2025 καὶ
1226 1983 1405 2035 παῖδες,
1447 1983 1523 2026 ἐπὶ
1555 1982 1698 2038 στόμα
1734 1983 1948 2041 ῥίψαντες
1983 1997 1992 2017 1

391 2107 409 2145 ξ
437 2107 503 2138 204
529 2123 569 2134 =
595 2105 679 2142 bell.
704 2105 782 2139 Iud.
807 2104 843 2139 11
870 2107 947 2139 621).

389 2217 577 2252 PRAMW

391 2277 406 2309 1
434 2271 527 2320 ἔφην
552 2275 599 2309 W
693 2277 712 2309 2
737 2271 792 2320 δὴ]
818 2275 856 2311 δὲ
880 2274 968 2309 MW
1077 2278 1095 2309 3
1121 2277 1184 2310 καὶ
1209 2285 1277 2310 om.
1305 2274 1391 2309 MW
1483 2277 1546 2311 καὶ
1571 2295 1613 2300 -
1639 2273 1707 2322 τὴν
1729 2276 1753 2310 i.
1778 2285 1850 2312 ras.
1874 2275 1903 2310 P

275 2334 295 2364 4
321 2331 357 2367 δὲ
375 2330 464 2366 ΜΨ
541 2344 810 2368 κακουσοντασ
828 2331 855 2365 P
880 2326 1100 2367 ἀκούσαντα
1118 2331 1185 2366 RA
1210 2326 1428 2367 ιῖκούοντασ
1447 2331 1534 2367 MW
1627 2336 1647 2367 5
1671 2334 1726 2374 τε]
1751 2331 1790 2369 δὲ
1816 2330 1905 2366 ΜΨ

274 2391 456 2424 κλεοντεσ
480 2388 508 2422 Ρ
602 2391 888 2434 εγκαταλειπειν
912 2387 940 2422 Ρ
1049 2387 1094 2429 εἰ]
1121 2403 1142 2434 η
1167 2387 1194 2422 Ρ
1300 2390 1320 2421 0
1346 2401 1598 2435 στρατηγειασ
1624 2389 1651 2423 Ρ
1744 2384 1949 2436 ὗποστερη-

275 2448 382 2480 θεῖεν
405 2446 439 2479 A
511 2448 527 2478 Τ
555 2444 714 2480 &zemma
739 2444 767 2485 Ρ
793 2443 956 2480 ἳκεσιάισ
981 2444 1036 2484 (σί
1058 2444 1097 2478 in
1121 2445 1160 2480 τί
1184 2455 1276 2480 corr.
1303 2445 1377 2480 uid.
1396 2445 1449 2487 M)
1473 2445 1562 2480 MW
1667 2447 1754 2492 περὶ
1778 2455 1847 2481 om.
1871 2443 1906 2481 R

278 2505 297 2534 b
323 2496 566 2537 ιῖπελθόντεσ
590 2501 653 2535 PA
735 2504 884 2536 λισταῖσ
909 2501 936 2534 Ρ
1031 2504 1050 2533 0
1076 2503 1356 2546 σημαινοῦντασ
1382 2501 1445 2536 PR
1540 2505 1580 2537 10
1605 2498 1757 2548 γνώμην
1781 2511 1851 2537 om.
1875 2500 1904 2537 P

279 2561 318 2592 11
344 2556 489 2603 ἤκουσα
509 2556 543 2591 R
616 2560 655 2591 12
681 2560 794 2599 δοκῶ]
821 2557 974 2593 ὁοκεῑΗ
1044 2560 1110 2606 τῷ]
1136 2553 1181 2593 τὸ
1201 2557 1228 2591 Ρ
1300 2560 1366 2606 τῷ]
1391 2555 1436 2594 τὸ
1456 2558 1484 2592 Ρ
1556 2553 1674 2595 αὗτὸν
1697 2557 1731 2593 R
1756 2554 1883 2594 αὐτῶν
1904 2567 1950 2594 ex

277 2624 371 2650 corr.
397 2614 430 2649 A
507 2616 546 2649 13
574 2616 689 2650 τοῦτο
717 2625 784 2649 om.
811 2614 850 2647 M
943 2617 1122 2650 πισεσθαι
1148 2613 1176 2648 P
1273 2617 1314 2649 14
1338 2617 1488 2650 παιὸιον
1513 2614 1592 2649 PA¹
1665 2618 1704 2650 15
1731 2625 1899 2660 ασωχεισ
1920 2612 1951 2650 P

277 2667 437 2717 οἷσωχίσ,
454 2671 468 2705 l
484 2681 529 2705 ex
547 2685 567 2716 η
585 2680 678 2705 corr.
697 2671 729 2705 A
747 2667 915 2716 ἀσωχεῖσ
931 2670 1019 2705 ΜΨ
1091 2666 1203 2720 αὐτῷ]
1221 2668 1343 2719 τούτῳ
1360 2670 1517 2706 RAMW
1591 2674 1630 2706 16
1648 2667 1705 2708 διὰ
1724 2691 1766 2696 -
1786 2667 1950 2718 ὄνειρον]
1978 2710 1981 2714 ,
2034 2661 2039 2715 Ξ

278 2725 495 2772 θαυμάσιον
520 2724 750 2771 (θαυμάσιον
774 2729 825 2768 δε,
850 2740 935 2763 mov
959 2729 998 2763 δε
1022 2727 1047 2761 i.
1073 2738 1144 2763 ras.
1170 2739 1216 2762 m.
1242 2730 1261 2762 2
1286 2729 1332 2771 A)
1357 2724 1442 2764 οἷον
1468 2724 1622 2774 ὄνειρον
1645 2730 1799 2774 (ονηρον
1823 2725 1865 2769 Ρ)
1889 2721 1949 2764 διὰ

279 2786 347 2829 τῆσ
374 2780 515 2820 rumbo
538 2781 686 2829 ἐκείνησ
712 2783 864 2818 ΡΑΜΨ
962 2787 997 2818 17
1025 2782 1086 2820 ἐπι
1111 2783 1139 2818 Ρ
1231 2780 1478 2828 λυπούμενος]
1504 2777 1748 2829 θυμούμενοσ
1772 2781 1860 2818 ΜΨ

282 2843 320 2875 15
346 2838 565 2883 ἐπιστάντα,
588 2839 649 2876 ἐπι
674 2851 718 2875 ex
744 2853 782 2875 ν·
811 2842 875 2875 aut
898 2854 942 2884 μ·
971 2850 1063 2876 corr.
1089 2839 1117 2873 P
1214 2844 1253 2875 19
1279 2835 1323 2882 ὦ]
1349 2853 1369 2875 ο
1396 2840 1424 2875 Ρ
1518 2852 1643 2876 ουτωσ
1667 2839 1696 2874 Ρ
1787 2833 1836 2880 δ’]
1861 2832 1952 2875 τ’Δ

279 2909 319 2932 τε
345 2896 432 2930 MW
519 2899 721 2933 απαλασου
745 2897 772 2931 Ρ
798 2892 1026 2933 α’παλάσσου
1050 2896 1132 2932 RW
1227 2899 1268 2930 20
1293 2909 1355 2933 σαι
1380 2896 1409 2931 Ρ
1501 2894 1554 2937 ἐν]
1579 2894 1641 2932 ἐπὶ
1665 2894 1752 2930 ΜΨ
1845 2897 1886 2931 21
1912 2892 1950 2932 δὲ

279 2952 399 2987 AMW
470 2948 570 2997 μόνα
597 2954 634 2988 M
713 2950 763 2999 μὴ
790 2964 856 2988 om.
884 2953 970 2988 MW
1064 2955 1105 2988 22
1132 2952 1170 2989 δὲ
1195 2952 1282 2987 MW
1375 2952 1425 2994 δὲ]
1450 2949 1491 2998 δὴ
1517 2951 1673 2989 RAMW
1744 2954 1786 2987 23
1809 2961 1951 2998 ονηρον

280 3008 307 3042 P
402 3012 615 3054 ὸιιιιίσταμε
644 3010 671 3044 Ρ
767 3012 808 3044 24
835 3011 985 3046 παιδιον
1011 3009 1037 3043 Ρ
1131 3012 1173 3044 25
1199 3009 1235 3046 ὁὶ·
1262 3008 1348 3043 ΜΨ
