2074 3392
166 588 246 629 138

165 926 244 967 139

166 1130 245 1169 140

167 1334 243 1373 141

167 1536 246 1577 142

170 1810 247 1849 143

275 200 360 238 234
706 200 870 244 ANTIQ.
894 199 991 237 IUD.
1013 200 1102 235 XIX
1127 203 1304 237 137—143
1329 203 1363 244 (ῐ.
1379 207 1429 234 16.
1447 204 1498 244 ιτ)

275 314 379 371 δόξῃ
409 315 497 356 τῶν
521 308 768 355 ἀκουόντων
799 312 1132 367 λαμβανόμενα·
1165 309 1215 357 οὗ
1244 314 1330 371 μὴν
1358 314 1437 372 τήν
1466 310 1509 370 γ’
1535 313 1713 371 ἐνέδραν
1735 314 1937 366 ἐξέλιπον

275 381 470 431 δεδιότες
499 379 579 436 τὴν
611 379 1021 437 ἐπενεχθησομένην
1059 381 1342 434 προεξιοῦσιν
1374 381 1542 425 αἰτίαν·
1582 378 1632 425 οὗ
1662 382 1744 439 γὰρ
1776 379 1851 441 ἐφ’
1885 380 1968 441 ἧς.

276 445 442 499 ἀξιοῖεν
473 448 675 498 διανοίας
709 446 979 503 γενήσεσθαι
1010 449 1115 501 περὶ
1147 444 1297 499 αὐτοῖς
1327 449 1405 507 τὴν
1438 453 1602 506 κρίσιν,
1635 445 1734 492 ἀλλ’
1770 445 1852 508 ἀφ’
1885 447 1938 509 ἧς

278 516 464 568 εἰκάζειν
498 515 759 572 ἐθελήσειαν
796 514 900 566 τούς
937 531 986 558 τε
1015 515 1390 573 κατηγορήσοντας
1429 519 1503 561 καὶ
1532 516 1634 568 τοὺς
1666 517 1937 570 δικάζοντας.

394 588 460 627 17.
504 580 627 628 Ἐπεὶ
659 583 706 626 δὲ
736 585 809 626 καὶ
840 584 1020 639 πλῆθος
1048 585 1137 625 ταῖν
1169 587 1406 638 Γερμανῶν
1435 588 1643 640 περιέσχε
1671 583 1721 628 τὸ
1743 587 1939 641 θέατρον
1962 595 1985 631 Β

276 651 566 707 ἐσπασμένων
596 650 651 694 τὰ
684 651 803 708 ξίφη,
836 653 952 694 πᾶσι
971 659 1066 701 τοῖς
1089 653 1285 705 θεωροῖς
1315 650 1442 703 ἐλπὶς
1469 643 1523 709 ἦν
1545 648 1836 706 ἀπολεῖσθαι,
1865 655 1939 697 καὶ

275 718 390 774 πρὸς
419 722 572 762 πᾶσαν
604 715 776 769 οὗτινος
808 719 983 762 εἴσοδον
1013 722 1152 781 πτοία
1183 715 1293 772 εἶχεν
1325 715 1503 772 αὐτούς,
1541 718 1601 771 ὥς
1633 715 1790 763 αὐτίκα
1818 719 1940 774 μάλα

276 787 638 845 συγκοπήσοιντο,
672 785 716 829 ἓν
749 782 988 843 ἀμηχάνοις
1016 802 1064 828 τε
1094 784 1206 844 ἦσαν
1237 782 1331 829 οὔτ’
1369 783 1552 831 ἀπιέναι
1584 787 1760 844 θάρσος
1789 787 1942 845 εἴσφε-

277 855 456 909 ρόμενοι
488 851 590 898 οὕτε
621 850 852 897 ἀκίνδυνον
882 853 960 910 τὴν
992 853 1223 910 διατριβὴν
1252 853 1332 910 τὴν
1361 854 1438 898 ἐπὶ
1467 857 1546 898 τοῦ
1575 855 1772 911 θεάτρου
1802 871 1941 899 πεπι-

278 922 517 972 στευκότες.
579 921 911 965 εἰσπιπτόντων
940 938 988 964 τε
1023 918 1105 978 ἤδη
1142 921 1224 978 βοὴ
1255 924 1333 964 τοῦ
1362 922 1558 979 θεάτρου
1589 923 1797 981 ῥήγνυται
1826 917 1937 965 καθ’
1969 925 2020 974 fl

277 989 463 1033 ἱκετείαν
502 993 778 1045 τρεπομένου
816 991 903 1032 τῶν
943 991 1250 1045 στρατιωτῶν,
1291 987 1352 1040 ὥς
1391 989 1571 1034 πάντων
1612 987 1792 1047 ἀγνοίας
1832 986 1943 1049 αὐτῇ

276 1060 511 1113 γενομένης
540 1059 613 1100 καὶ
644 1059 731 1099 τῶν
761 1059 1095 1112 βουλευθέντων
1126 1065 1221 1107 τοῖς
1253 1055 1576 1111 ἐπαναστᾶσιν,
1616 1058 1656 1101 εἰ
1687 1058 1738 1117 δή
1768 1075 1837 1110 τις
1868 1060 1944 1102 καὶ
1983 1077 1990 1083 ·

276 1128 450 1180 γέγονεν
481 1124 796 1178 ἐπανάστασις,
827 1126 901 1168 καὶ
940 1127 1027 1168 τῶν
1057 1124 1313 1180 γεγονότων.
1374 1125 1619 1183 φείδεσθαι
1658 1117 1733 1169 οὖν
1770 1129 1843 1170 καὶ
1883 1125 1941 1184 μὴ
1987 1126 1994 1172 '.

279 1192 445 1249 τόλμης
477 1188 712 1247 ἀλλοτρίας
742 1192 867 1247 παρὰ
897 1195 986 1235 τιῦν
1008 1189 1104 1235 οὐδ’
1131 1192 1175 1236 ἐν
1199 1192 1322 1251 αἰτίᾳ
1341 1197 1585 1249 γενομένων
1608 1189 1945 1249 ἀπολαμβάνειν
1988 1197 1995 1212 ’

277 1264 508 1314 τιμωρίαν,
541 1263 765 1316 παρέντας
797 1260 972 1317 ἐρεύνην
1000 1263 1089 1303 τῶν
1109 1261 1406 1316 πεπραχότων
1428 1256 1453 1304 ὅ
1471 1279 1516 1305 τι
1536 1263 1609 1305 καὶ
1631 1264 1942 1318 πεπραγμένον
1968 1218 2008 1314 ὃ

279 1328 345 1384 εἴη
376 1330 661 1386 καταστῆναι.
711 1330 783 1371 καὶ
817 1329 861 1372 οἱ
892 1328 971 1383 μὲν
1002 1328 1142 1371 ταῦτά
1172 1345 1220 1372 τε
1249 1331 1323 1372 καὶ
1345 1332 1595 1386 περαιτέρω
1615 1328 1727 1385 μετὰ
1749 1328 1947 1386 δακρύων

277 1397 350 1438 καὶ
371 1395 548 1451 τύψεως
569 1396 828 1452 προσώπων
851 1395 1187 1448 ἐπιθειάζοντες
1212 1398 1286 1439 καὶ
1307 1397 1607 1452 ποτνιώμενοι
1627 1395 1779 1440 ὁπόσα
1801 1392 1949 1440 ἀνεδί-

280 1464 437 1507 δασκεν
469 1459 629 1514 αὐτοὺς
658 1461 680 1507 ὁ
713 1464 914 1515 κίνδυνος
945 1463 1085 1514 ἑστώς
1115 1465 1331 1521 πλησίον,
1361 1467 1434 1508 καὶ
1465 1463 1525 1516 ὠς
1555 1462 1608 1508 ὄῖν
1637 1481 1707 1516 τις
1737 1460 1949 1521 ἆγωνιζό-
1996 1504 2000 1505 ⁷

277 1547 408 1586 μενος
436 1534 543 1589 περὶ
573 1534 651 1590 τῆς
672 1534 815 1589 ψυχῆς
846 1532 971 1576 εἴποι
990 1549 1048 1585 τι,
1082 1532 1242 1588 ἔλεγον.
1293 1532 1513 1589 θραύεται
1543 1533 1590 1576 δὲ
1620 1535 1709 1575 τῶν
1731 1547 1949 1588 στρατιω-

278 1602 366 1642 τιῦν
404 1599 519 1656 πρὸς
558 1602 699 1642 ταῦτα
737 1597 761 1656 ἡ
803 1595 907 1656 ὀργὴ
960 1602 1031 1643 καὶ
1084 1602 1392 1659 μεταμελῆσαν
1434 1596 1584 1650 αὐτοῖς
1622 1602 1700 1643 τοῦ
1739 1599 1816 1644 ἐπὶ
1855 1609 1950 1651 τοῖς
1974 1606 2012 1647 Ι

278 1672 473 1724 θεωροῖς
502 1667 822 1722 βουλεύματος,
863 1663 985 1722 ὠμόν
1023 1685 1072 1711 τε
1111 1667 1195 1725 γὰρ
1225 1660 1278 1726 ἦν
1309 1671 1438 1712 τοῦτο
1469 1670 1542 1712 καὶ
1575 1669 1758 1720 ἐκείνοις
1786 1672 1949 1723 καίπερ

280 1734 590 1792 ἐξηγριωκόσιν
617 1734 771 1789 ἐδόκει,
803 1735 883 1787 τὰς
903 1735 1104 1794 κεφαλὰς
1135 1739 1223 1779 τιῦν
1244 1739 1350 1793 περὶ
1381 1735 1459 1780 τὸν
1484 1732 1744 1793 Ἀσπρήναν
1767 1735 1843 1780 ἐπὶ
1872 1735 1950 1780 τὸν

279 1802 432 1857 βωμὸν
463 1799 847 1858 ἀπερεισαμένοις.
897 1803 1013 1859 πρὸς
1044 1804 1097 1854 ἃς
1117 1804 1332 1859 μειζόνως
1363 1804 1541 1848 ἔπαθον
1573 1805 1616 1848 οἱ
1637 1806 1808 1861 θεωροὶ
1831 1806 1950 1861 λογι-

1969 341 1977 349 ·
2005 326 2012 362 ἑ

398 1927 555 1961 AMWE
565 1927 636 1962 Lat

394 1987 408 2018 1
436 1996 479 2029 γε
503 1983 592 2018 MW
661 1983 828 2029 ἐνέδραν]
854 1984 934 2019 loca
958 1995 1046 2019 suae
1070 1983 1255 2019 custodiae
1271 1984 1343 2019 Lat
1363 1981 1477 2031 ἕδραν
1501 1983 1662 2019 Dindorf
1751 1986 1770 2019 2
1796 1986 1953 2030 προϊοῦ·

280 2053 352 2075 σαν
375 2039 415 2074 Μ
440 2042 641 2086 προιοῦσιν
666 2040 711 2074 W
855 2036 899 2077 οὐ
923 2037 997 2087 γὰρ
1024 2060 1063 2065 -
1093 2043 1113 2075 4
1138 2037 1370 2084 δικάζοντας]
1396 2041 1542 2086 quando
1568 2051 1640 2075 non
1666 2051 1740 2086 qua
1765 2041 1953 2076 uoluntate

280 2095 505 2131 discederent
534 2097 702 2130 accusari
724 2100 896 2142 poterant
921 2104 985 2132 aut
1008 2097 1196 2138 damnari,
1221 2097 1285 2131 secl
1309 2096 1619 2142 quemammodum
1643 2096 1780 2132 uellent
1804 2107 1953 2132 accusa-

280 2157 376 2186 tores
399 2156 465 2187 aut
488 2152 624 2187 iudices
649 2153 720 2188 Lat
821 2149 899 2199 ἐφ’]
925 2148 995 2199 ἀφ’
1020 2153 1172 2188 Hudson
1267 2156 1285 2188 3
1310 2151 1447 2196 ἐξίοιεν
1470 2163 1515 2188 ex
1539 2153 1611 2189 Lat
1634 2153 1787 2188 Hudson
1880 2156 1955 2190 δια-

282 2209 382 2244 νοίαι
407 2210 440 2243 A
533 2212 620 2254 περὶ
645 2205 786 2246 αὖτοὶνσ
810 2210 897 2244 MW
991 2205 1085 2246 ἀλλὰ
1111 2208 1199 2244 MW
1292 2212 1313 2244 4
1338 2207 1511 2254 εἰκάζειν]
1537 2208 1751 2256 ἐγκαθίζειν
1774 2209 1863 2245 MW

280 2260 483 2311 θελήσειαν
505 2265 596 2301 MW
698 2264 738 2302 οἵ
759 2280 799 2302 τε
823 2263 1156 2313 κατηγορήσαντες
1177 2268 1241 2302 καὶ
1267 2264 1303 2302 οἱ
1328 2264 1544 2310 δικάζοντες
1568 2266 1754 2302 Lowthius
1845 2279 1955 2313 κατη-

280 2319 526 2368 γορήσαντασ
549 2322 597 2357 W
647 2333 649 2335 ·
736 2325 756 2358 6
780 2322 1012 2367 ἐσπασμένοι
1038 2322 1069 2357 Ε
1200 2319 1413 2358 ἀπολέσθαι
1439 2323 1547 2358 ΑΜΕ
1679 2325 1698 2357 S
1724 2325 1777 2364 τε]
1803 2322 1836 2358 Ε
1860 2317 1898 2359 δ’
1921 2324 1954 2358 A
1996 2340 2000 2343 ·

282 2378 320 2414 δὲ
345 2377 433 2412 MW
550 2376 637 2415 οὔτε
662 2379 786 2414 MWE
890 2378 1060 2415 *ἐπιέναι
1086 2381 1118 2414 A
1217 2384 1252 2413 10
1280 2382 1333 2421 τε]
1360 2379 1398 2416 δὲ
1423 2378 1546 2413 MWE
1639 2376 1859 2426 *ῥήγνυται]
1885 2380 1954 2416 δεί-

279 2448 409 2470 κιϊται
435 2434 474 2468 Μ
570 2439 606 2469 11
636 2431 742 2482 αὐτῇ]
768 2431 871 2482 αὐτῷ
894 2436 949 2471 ed.
969 2447 1023 2481 pr.
1122 2438 1161 2470 12
1186 2435 1454 2482 βουληθέντων
1470 2435 1502 2470 Ε
1596 2439 1688 2478 τοῖς]
1713 2437 1771 2473 εἰσ
1794 2436 1833 2471 Μ
1857 2431 1953 2473 κατὰ

280 2488 348 2537 τὴν
373 2491 405 2525 Ε
474 2489 734 2528 ἐπαναστάσιν
759 2493 791 2527 A
814 2489 1075 2528 ἐπανάστασιν
1099 2492 1221 2527 MWE
1303 2496 1341 2527 13
1367 2493 1573 2538 *φείδεσθε
1597 2491 1637 2527 Μ
1710 2496 1751 2528 14
1776 2490 1954 2539 *τόλμηςΙ

282 2546 449 2594 τόλμησ·
470 2567 492 2589 ·‚
516 2563 537 2593 η
561 2559 606 2583 ex
631 2545 651 2592 ἡ
677 2559 769 2584 corr.
795 2550 829 2583 A
933 2552 1011 2585 τῶν
1035 2544 1130 2590 οὔδ’]
1159 2551 1265 2585 τοῦδε
1289 2548 1379 2584 MW
1404 2551 1481 2585 τῶν
1506 2545 1591 2586 οὐδὲ
1615 2549 1648 2584 Ε
1751 2552 1790 2583 15
1815 2551 1955 2594 *τιμω-

284 2606 383 2650 ρίαν]
411 2605 572 2651 τιμωρία
598 2618 631 2640 τι
657 2605 690 2638 Α
795 2603 960 2652 ἐρεύνην]
986 2607 1079 2642 coni.
1103 2603 1235 2652 ἐρεύνῃ
1260 2609 1293 2640 Α
1317 2603 1358 2642 ἐν
1382 2603 1512 2652 ἐρεύνῃ·
1538 2605 1659 2640 MWE
1760 2606 1955 2653 *πεπραγ-

281 2661 407 2705 μένων
432 2661 520 2695 MW
618 2665 653 2695 17
681 2658 730 2698 ἄν
753 2659 998 2699 ἐδίδασκενΑ
1117 2666 1156 2697 19
1182 2660 1295 2704 εἷ’ῑιοι]
1321 2660 1464 2699 εἷ’ποιέν
1480 2661 1568 2696 MW
1683 2658 1813 2707 *πρὸσ
1837 2663 1955 2698 ταῦτα

284 2721 360 2754 τῶι·
385 2721 632 2764 στρατιωτῶν
648 2721 693 2754 tr.
712 2718 800 2753 MW
872 2721 912 2753 20
930 2722 1206 2765 μεταμελῆσαν]
1232 2715 1569 2764 μεταμελήσειντοσ
1585 2717 1709 2753 MWE
1727 2716 1956 2764 paenitentia

283 2775 382 2809 ducti
405 2780 488 2809 sunt
514 2774 585 2810 Lat
607 2774 858 2821 μετεμέλησεν
882 2775 1035 2811 Hudson
1106 2780 1144 2810 21
1175 2778 1301 2817 τοῦτο]
1330 2769 1352 2812 ὅ
1378 2788 1416 2812 τε
1442 2774 1564 2809 MWE
1658 2776 1699 2808 22
1726 2771 1820 2816 *τὰς
1843 2786 1956 2819 κεφα-

284 2829 352 2872 λὰς
375 2850 419 2856 -
448 2834 489 2865 23
516 2827 844 2876 ἀπερεισαμένοις]
864 2831 1068 2878 portabant
1093 2833 1184 2867 enim
1211 2833 1316 2868 eliam
1336 2832 1460 2878 capita
1477 2841 1657 2877 asprcnae
1674 2836 1845 2865 eteorum
1863 2839 1957 2875 quos

284 2921 357 2944 una
378 2916 611 2955 peremerant
636 2910 706 2946 Lat
845 2906 1037 2957 άσπρίνιιν
1063 2911 1094 2946 Ε
1120 2914 1157 2947 et
1182 2921 1227 2946 ex
1252 2922 1343 2947 corr.
1369 2911 1401 2944 A
1535 2912 1576 2943 23
1603 2887 1958 2955 α’περεισαμένοῖῐᾼ

284 2963 542 3013 ιῖπερείσαντο
569 2966 601 3000 Ε
