2074 3392
201 327 251 367 41

200 599 253 638 42

197 1007 250 1048 43

287 209 369 249 218
771 212 932 256 ANTIQ.
956 213 1055 249 IUD.
1080 214 1168 250 XIX
1191 218 1324 251 40—45
1349 220 1384 259 (1.
1402 222 1429 248 6.
1446 220 1478 259 7)

288 324 365 368 ἐπὶ
395 326 615 376 τοιούτοις
646 325 794 369 αἰτίαν
824 329 1163 381 προτιθέμενος,
1194 338 1289 379 τοῖς
1319 330 1367 373 δὲ
1395 325 1591 386 τάληθὲς
1614 329 1828 383 ἐξετάζειν
1849 348 1950 376 πει-

286 397 501 449 ρωμένοις
531 393 612 449 ἐγώ
644 410 704 446 τε,
738 393 771 436 ὦ
795 393 988 451 Κλήμης,
1019 396 1092 436 καὶ
1124 393 1276 439 οὑτοσὶ
1297 394 1319 440 ὅ
1343 401 1573 448 Παπίνιος
1601 399 1674 441 καὶ
1706 398 1793 454 πρὸ
1826 396 1950 456 ἡμῶν
1982 447 1988 452 ,
2030 418 2032 449 ;

286 461 359 513 σύ,
398 461 563 512 ταύτας
588 460 821 517 Ῥωμαίοις
859 478 907 504 τε
946 462 1019 504 καὶ
1059 464 1123 518 τῷ
1154 465 1288 507 παντὶ
1321 460 1594 522 ἀνθρωπείῳ
1625 465 1705 516 τὰς
1737 468 1951 522 στρέβλας

285 529 657 587 προσφερόμενοι,
691 525 767 573 οὐκ
798 529 1096 586 ἐπιτάγμασιν
1125 539 1220 581 τοῖς
1252 535 1291 573 Γ
1290 534 1389 576 α”ί“ου
1422 533 1765 588 διακονούμενοι,
1800 535 1949 593 γνώμῃ

286 596 333 639 δὲ
362 599 417 654 τῇ
448 593 604 651 αὐτῶν,
638 598 677 641 εἰ
707 597 854 654 παρὸν
884 599 1056 640 παῦσαι
1086 598 1277 656 τοσαύτῃ
1307 597 1390 658 ἤδη
1418 601 1642 657 χριόμενον
1671 597 1796 657 ῧβρει
1820 602 1885 654 ε’ίς
1903 620 1953 647 τε
1979 612 2000 646 5

281 663 386 716 τοὺς
415 666 606 716 πολίτας
636 667 707 709 καὶ
738 665 840 716 τοὺς
869 662 1092 723 ὑπηκόους
1123 665 1464 722 διακονούμεθα,
1498 670 1742 728 δορυφόροι
1769 672 1844 714 καὶ
1874 671 1951 728 δή·

280 749 379 788 μιοι
408 733 732 791 καθεστηκότες
763 730 860 776 ἀντὶ
897 735 1180 787 στρατιωτῶν
1216 736 1289 777 καὶ
1327 734 1382 778 τὰ
1420 731 1538 780 ὅπλα
1575 741 1703 782 ταυτὶ
1743 741 1953 796 φέροντες

283 796 359 855 οὐχ
389 799 501 856 ὑπὲρ
533 801 790 857 ἐλευθερίας
821 797 914 844 οὐδ’
952 797 1083 857 ἀρχῆς
1113 804 1201 844 τῶν
1227 799 1469 857 Ῥωμαίων,
1511 801 1610 848 ἀλλ’
1647 805 1722 850 ἐπὶ
1754 812 1952 866 σωτηρίᾳ

280 872 360 911 τοῦ
391 869 684 923 δουλουμένου
715 869 770 911 τά
801 885 849 912 τε
880 868 1065 923 σώματα
1097 865 1241 912 αὐτῶν
1275 872 1349 914 καὶ
1379 871 1435 914 τὰ
1468 873 1741 930 φρονήματα,
1772 874 1952 928 μιαινό-

281 955 408 993 μενοι
447 940 511 994 τῷ
551 933 658 980 καθ’
708 934 874 994 ἡμέραν
914 937 1071 990 αἵματι
1111 940 1284 995 σφαγῆς
1320 941 1393 982 καὶ
1423 940 1620 994 βασάνου
1650 945 1728 1000 τῆς
1763 942 1951 997 ἐκείνων,

282 1009 409 1060 μέχρι
449 1005 498 1061 δή
539 1022 608 1056 τις
637 1007 711 1048 καὶ
740 1000 846 1047 καθ’
882 1002 1004 1063 ἡμῶν
1037 1005 1343 1063 διακονήσεται
1372 1010 1557 1051 τοιαῦτα
1588 1011 1726 1067 Γαΐῳ.
1787 1007 1836 1054 οὗ
1868 1010 1950 1068 γὰρ

281 1070 432 1132 εὐνοίᾳ
461 1090 510 1130 γε
540 1072 796 1117 πολιτεύσει
827 1072 901 1116 διὰ
931 1072 1038 1116 τάδε
1068 1073 1183 1128 πρὸς
1212 1071 1341 1131 ἡμᾶς,
1373 1071 1434 1118 δι’
1469 1073 1731 1133 ὑφοράσεως
1761 1078 1808 1122 δὲ
1837 1081 1952 1134 μᾶλ-

282 1143 359 1185 λον
399 1144 470 1185 καὶ
514 1139 659 1192 ἄλλως
697 1144 776 1184 τοῦ
814 1143 986 1185 πολλοῦ
1023 1144 1110 1184 τῶν
1150 1138 1469 1197 ἀπολλυμένων
1502 1140 1861 1198 ἀποδεδωκότος·
1900 1143 1950 1191 οἷ’

279 1209 363 1267 γὰρ
407 1209 457 1268 δὴ
502 1209 710 1268 στήσεταί
746 1226 858 1253 ποτε
889 1212 1012 1267 Γαΐῳ
1053 1209 1108 1253 τὰ
1145 1213 1221 1268 τῆς
1253 1206 1384 1267 ὀργῆς
1414 1211 1489 1255 διὰ
1519 1211 1568 1255 τὸ
1601 1212 1659 1271 μὴ
1694 1213 1816 1272 δίκην
1847 1210 1946 1258 ἀλλ’

279 1276 441 1335 ἡδονὴν
471 1282 613 1334 πέρας
644 1274 778 1334 αὐτῆς
806 1278 1052 1334 τυγχάνειν·
1094 1281 1256 1323 σκοποὶ
1297 1280 1344 1322 δὲ
1383 1281 1751 1336 προσκεισόμεθα
1785 1278 1952 1336 καύτοί,

282 1347 381 1389 δέον
409 1349 481 1390 καὶ
513 1356 608 1396 τοῖς
640 1348 780 1389 πᾶσιν
809 1345 858 1388 τὸ
894 1342 1266 1402 ἀνεπιβούλευτόν
1296 1364 1344 1391 τε
1373 1351 1446 1392 καὶ
1478 1348 1714 1406 ἐλεύθερον
1742 1353 1952 1406 βεβαιοῦν

229 1460 232 1461 ⁷
280 1417 352 1459 καὶ
383 1412 487 1473 ἡμῖν
516 1414 729 1458 κινδύνων
761 1410 1023 1470 ἀπαλλαγὰς
1055 1419 1368 1473 ψηφίσασθαι.

195 1490 248 1527 44

194 1828 248 1866 45

395 1488 433 1526 7.
494 1483 676 1541 Κλήμης
707 1483 755 1526 δὲ
783 1482 860 1541 τὴν
891 1483 970 1537 μὲν
993 1482 1194 1527 διάνοιαν
1215 1483 1292 1542 τὴν
1314 1487 1512 1540 Χαιρέου
1535 1484 1726 1544 φανερὸς
1746 1475 1798 1544 ἦν
1819 1484 1951 1530 ἐπαι-

278 1553 384 1605 νιῦν,
427 1554 554 1608 σιγᾶν
585 1547 625 1594 δ’
661 1551 848 1603 ἐκέλευε,
888 1550 947 1608 μὴ
988 1552 1062 1594 καὶ
1099 1554 1347 1609 φοιτῶντος
1378 1552 1441 1604 εἷς
1471 1554 1682 1605 πλείονας
1711 1556 1790 1597 τοῦ
1820 1554 1951 1611 λόγου

277 1621 351 1663 καὶ
383 1620 677 1675 διαχεομένων
709 1615 859 1662 ὁπόσα
888 1618 1171 1676 κρύπτεσθαι
1206 1621 1350 1671 καλῶς
1390 1620 1482 1675 ἔχοι
1524 1623 1632 1677 πρὶν
1661 1631 1804 1676 τυχεῖν
1835 1622 1953 1679 πρά-

280 1688 440 1739 ξαντας
471 1686 689 1731 ἐκπύστου
719 1689 798 1730 τοῦ
829 1686 1206 1742 ἐπιβουλεύματος
1235 1692 1468 1744 γενομένου
1493 1690 1778 1742 κολασθεῖεν,
1806 1689 1950 1747 χρόνῳ

280 1757 327 1799 δὲ
356 1759 420 1813 τῷ
453 1747 588 1806 αὖθις
618 1758 691 1799 καὶ
721 1758 773 1813 τῇ
806 1751 890 1798 ἀπ’
938 1751 1072 1799 αὐτοῦ
1111 1755 1263 1800 ἐλπίδι
1293 1757 1596 1812 παραδιδόναι
1624 1755 1680 1800 τὰ
1711 1757 1861 1801 πάντα
1891 1755 1952 1809 ὥς

280 1827 697 1881 παραγενησομένης
726 1822 847 1874 τινὸς
879 1820 1029 1875 αὐτοῖς
1061 1823 1318 1879 ἐπικουρίας
1348 1828 1549 1878 τυχαίου·
1591 1821 1724 1868 αὐτὸν
1759 1825 1839 1880 μὲν
1867 1826 1950 1882 γὰρ

278 1890 366 1935 ὑπὸ
398 1892 542 1950 γήρως
573 1888 839 1950 ἀφῃρῆσθαι
868 1891 947 1947 τὴν
978 1891 1053 1935 ἐπὶ
1084 1893 1282 1935 τοιοῖσδε
1301 1892 1481 1946 τόλμαν,
1512 1895 1600 1935 τῶν
1619 1895 1770 1947 μέντοι
1790 1910 1840 1950 γε
1860 1891 1947 1937 ὑπὸ

280 1963 371 2013 σοῦ,
404 1964 592 2015 Χαιρέα,
625 1963 927 2004 συντεθέντων
957 1977 1005 2003 τε
1026 1962 1098 2004 καὶ
1132 1960 1359 2017 ῥηθέντων
1391 1956 1703 2016 ἀσφαλέστερα
1731 1961 1812 2016 μὲν
1842 1961 1951 2012 ἴσως

391 2119 548 2155 AMWE
558 2120 629 2155 Lat

394 2180 408 2211 1
436 2175 512 2220 ἐπὶ]
538 2174 579 2212 ἐν
596 2182 682 2212 τοῖσ
700 2176 731 2211 Ε
802 2175 959 2212 *αἰκίαν
983 2176 1141 2211 Dindorf
1207 2175 1517 2220 προστιθέμενον]
1535 2175 1655 2212 MWE
1680 2177 1951 2224 προστεθειμέ-

277 2247 343 2276 νος
360 2233 454 2269 coni.
548 2232 822 2279 *πειρομένοισ
838 2234 886 2268 W
964 2235 983 2267 2
1000 2230 1119 2279 κλήμη
1138 2232 1168 2266 Ε
1185 2236 1221 2267 et
1238 2243 1283 2268 ex
1300 2243 1392 2268 corr.
1413 2234 1444 2267 A
1537 2231 1732 2279 παπὴνιοσ
1747 2233 1835 2269 MW
1852 2237 1890 2271 et
1905 2245 1950 2270 ex

1756 2293 1780 2315 x

1982 1272 2018 1330 ιι

1981 1970 2020 2004 2⁵

277 2325 369 2350 corr.
387 2315 421 2348 A
493 2316 512 2347 3
538 2311 771 2359 *ῥωιμαίοισ
787 2313 821 2348 Α
891 2308 1104 2359 α’νθρωπίω
1122 2311 1168 2346 W
1186 2307 1420 2356 ἆνθρωπίνω
1438 2311 1470 2346 Ε
1541 2315 1562 2346 4
1587 2308 1689 2355 *onxJ
1708 2309 1765 2358 οὐ,
1790 2327 1834 2350 ου
1849 2324 1895 2350 ex
1913 2326 1949 2351 οι

277 2381 370 2406 corr.
397 2370 470 2405 uid.
489 2370 521 2404 A
544 2371 608 2405 καὶ
626 2369 712 2403 MW
806 2373 824 2403 5
851 2369 900 2412 δὲ]
928 2369 967 2405 τὲ
986 2369 1106 2403 MWE
1200 2368 1263 2404 *εἰ
1286 2379 1353 2404 om.
1379 2369 1435 2404 ed.
1457 2380 1512 2416 pr.
1606 2367 1772 2418 *παρὼν
1795 2370 1882 2406 MW

275 2428 458 2468 *παῦσαι]
484 2424 672 2462 παύσαιτο
691 2426 729 2460 Μ
801 2429 819 2461 8
847 2421 931 2463 οὐδὲ
948 2426 1069 2460 MWE
1143 2428 1182 2460 10
1208 2428 1273 2474 τῷ]
1293 2424 1325 2459 Ε
1350 2421 1393 2461 τὸ
1413 2425 1516 2462 codd.
1590 2429 1628 2462 11
1655 2424 1737 2473 *δή]
1756 2424 1804 2464 ἄν
1821 2424 1900 2474 δήΙ,
1923 2427 1947 2463 i.

282 2493 354 2518 ras.
380 2495 424 2518 m.
453 2485 472 2517 2
497 2485 531 2517 A
646 2479 920 2528 διακονήσεται]
946 2482 1038 2518 coni.
1066 2478 1331 2528 διακονήσηται
1356 2481 1461 2518 codd.
1481 2482 1513 2517 E
1633 2479 1677 2520 οὗ
1703 2504 1745 2508 -
1774 2486 1814 2519 12
1840 2480 1948 2530 ἡμᾶς]

277 2551 350 2574 mm
374 2539 467 2575 enim
491 2545 646 2586 propter
670 2535 759 2574 leae&
783 2551 877 2585 qnae
900 2539 994 2585 qerit
1019 2550 1096 2574 cum
1122 2539 1258 2584 sanare
1283 2540 1380 2574 circa
1405 2550 1470 2574 uos
1495 2541 1770 2576 sanuel-subitur
1794 2540 1866 2576 Lat

279 2599 319 2631 12
343 2599 397 2642 γε]
425 2596 517 2631 coni.
544 2609 584 2632 τε
610 2595 703 2639 AW,
733 2606 801 2630 om.
827 2597 865 2631 M
884 2610 915 2632 τι
934 2595 1093 2631 Dindorf
1182 2594 1407 2639 πολιτεύσει]
1432 2607 1477 2631 ex
1498 2596 1570 2632 Lat
1594 2595 1779 2634 πολιτεύει
1799 2597 1901 2633 codd.

276 2649 386 2699 πρὸς]
407 2650 451 2689 τὸ
470 2649 568 2699 πρὸς
587 2653 678 2688 coni.
752 2656 792 2687 13
809 2655 872 2688 καὶ
889 2650 1012 2696 ἄλλως
1029 2673 1072 2678 —-
1086 2648 1390 2696 ἀποδεδωκότος]
1406 2654 1454 2687 ad
1469 2652 1558 2688 haec
1574 2654 1679 2689 etiam
1699 2665 1777 2688 cum
1793 2664 1948 2700 pereun-

276 2711 364 2743 tium
389 2709 536 2744 multam
561 2715 718 2755 straqem
744 2709 905 2754 effecerit
921 2709 993 2745 Lat
1094 2713 1130 2745 15
1149 2711 1288 2745 σκοποὶ
1315 2731 1345 2735 —
1370 2714 1408 2744 17
1430 2713 1683 2758 ψηφίσασθαι]
1711 2715 1783 2745 lum
1808 2710 1946 2746 demum

274 2767 379 2801 ctiam
406 2777 471 2801 nos
496 2767 634 2802 ctnm'te's
653 2767 892 2812 pereuntibus
908 2767 1169 2813 coniunqemnr
1188 2767 1257 2802 Lat
1328 2764 1616 2815 προκεισόμεθα
1633 2766 1681 2801 W
1751 2768 1813 2803 καὶ
1840 2761 1946 2804 αι”τοὶ

274 2822 322 2855 W
418 2827 455 2858 17
482 2824 747 2869 *ψηφίσεσθαι
768 2823 805 2856 Μ
902 2826 940 2859 lS
966 2820 1072 2869 *τὴνῙ
1100 2827 1168 2860 τοῦ
1185 2826 1217 2858 Α
1312 2828 1352 2859 19
1378 2827 1414 2861 δὲ
1439 2823 1561 2858 MWE
1653 2826 1714 2859 καὶ
1738 2834 1805 2859 om·
1825 2823 1856 2859 E

274 2880 523 2923 *tfm‘ckotcco
547 2879 586 2913 Μ
678 2880 878 2917 *πλέονασ
903 2880 990 2915 MW
1099 2884 1139 2915 23
1166 2877 1307 2924 αὐτοῖς]
1333 2877 1450 2926 αὗτῆσ
1477 2881 1508 2915 Ε
1601 2876 1731 2923 αι’·τὸν]
1758 2876 1877 2917 αι’ντὸσ
1903 2879 1945 2921 Ε,

272 2933 357 2970 fort.
381 2938 480 2971 reete
574 2940 615 2971 22
642 2932 874 2984 ιιίῙῃρῆσθαι]
901 2933 1081 2983 ἀφεῖσθαι
1102 2937 1221 2972 MWE
1316 2940 1357 2973 25
1376 2937 1535 2982 Χαιρέα]
1559 2939 1697 2984 χεραία
1716 2937 1748 2972 Ε
1819 2949 1860 2973 τε
1876 2945 1944 2972 0¹¹1·

274 2991 360 3025 MW
453 2992 522 3035 μὲν
547 3004 614 3028 om.
642 2993 763 3028 MWE
856 2991 905 3031 c'c'z·
929 2993 1024 3031 ι”σωσ
1049 2998 1092 3029 tr.
1123 2994 1243 3028 MWE
