<?xml version="1.0" encoding="UTF-8"?>
<!DOCTYPE html PUBLIC "-//W3C//DTD XHTML 1.0 Transitional//EN"
    "http://www.w3.org/TR/xhtml1/DTD/xhtml1-transitional.dtd">
<html xmlns="http://www.w3.org/1999/xhtml" xml:lang="en" lang="en">
 <head>
  <title>
</title>
<meta http-equiv="Content-Type" content="text/html;charset=utf-8" />
  <meta name='ocr-system' content='tesseract 3.04.00' />
  <meta name='ocr-capabilities' content='ocr_page ocr_carea ocr_par ocr_line ocrx_word'/>
</head>
<body>
  <div class='ocr_page' id='page_1' title='image "./operajosephus04joseuoft_0155.png"; bbox 0 0 2051 3397; ppageno 0'>
   <div class='ocr_carea' id='block_1_1' title="bbox 91 934 127 968">
    <p class='ocr_par' dir='ltr' id='par_1_1' title="bbox 91 934 127 968">
     <span class='ocr_line' id='line_1_1' title="bbox 91 934 127 968; baseline 0 0"><span class='ocrx_word' id='word_1_1' title='bbox 91 934 127 968; x_wconf 89' lang='lat'><em>10</em></span> 
     </span>
    </p>
   </div>
   <div class='ocr_carea' id='block_1_2' title="bbox 92 1273 128 1307">
    <p class='ocr_par' dir='ltr' id='par_1_2' title="bbox 92 1273 128 1307">
     <span class='ocr_line' id='line_1_2' title="bbox 92 1273 128 1307; baseline -0.028 0"><span class='ocrx_word' id='word_1_2' title='bbox 92 1273 128 1307; x_wconf 87' lang='lat'><em>15</em></span> 
     </span>
    </p>
   </div>
   <div class='ocr_carea' id='block_1_3' title="bbox 651 202 1813 247">
    <p class='ocr_par' dir='ltr' id='par_1_3' title="bbox 651 202 1813 247">
     <span class='ocr_line' id='line_1_3' title="bbox 651 202 1813 247; baseline 0.002 -9"><span class='ocrx_word' id='word_1_3' title='bbox 651 202 811 247; x_wconf 79' lang='lat' dir='ltr'>ANTlQ.</span> <span class='ocrx_word' id='word_1_4' title='bbox 838 203 930 239; x_wconf 89' lang='lat' dir='ltr'>IUD.</span> <span class='ocrx_word' id='word_1_5' title='bbox 957 203 1074 238; x_wconf 83' lang='lat' dir='ltr'>XVIII</span> <span class='ocrx_word' id='word_1_6' title='bbox 1102 208 1211 240; x_wconf 76' lang='lat'>5—10</span> <span class='ocrx_word' id='word_1_7' title='bbox 1236 208 1316 245; x_wconf 71' lang='grc'>(1.1)</span> <span class='ocrx_word' id='word_1_8' title='bbox 1739 205 1813 240; x_wconf 82' lang='lat'><em>141</em></span> 
     </span>
    </p>
   </div>
   <div class='ocr_carea' id='block_1_4' title="bbox 154 315 1827 1865">
    <p class='ocr_par' dir='ltr' id='par_1_4' title="bbox 154 315 1827 1865">
     <span class='ocr_line' id='line_1_4' title="bbox 159 315 1814 375; baseline -0.003 -12"><span class='ocrx_word' id='word_1_9' title='bbox 159 320 340 375; x_wconf 82' lang='grc' dir='ltr'><em>ἐρασταὶ</em></span> <span class='ocrx_word' id='word_1_10' title='bbox 379 319 431 373; x_wconf 70' lang='grc' dir='ltr'><em>τῇ</em></span> <span class='ocrx_word' id='word_1_11' title='bbox 472 317 648 373; x_wconf 77' lang='grc' dir='ltr'><em>διανοίᾳ</em></span> <span class='ocrx_word' id='word_1_12' title='bbox 687 317 1007 371; x_wconf 83' lang='grc' dir='ltr'><em>καθιστάμενοι</em></span> <span class='ocrx_word' id='word_1_13' title='bbox 1049 317 1105 373; x_wconf 78' lang='grc' dir='ltr'><em>μη</em></span> <span class='ocrx_word' id='word_1_14' title='bbox 1151 316 1419 374; x_wconf 73' lang='grc' dir='ltr'><strong><em>ἐξαφίωνται</em></strong></span> <span class='ocrx_word' id='word_1_15' title='bbox 1460 316 1599 359; x_wconf 82' lang='grc' dir='ltr'><em>πόνου</em></span> <span class='ocrx_word' id='word_1_16' title='bbox 1631 319 1707 359; x_wconf 86' lang='grc' dir='ltr'><em>τοῦ</em></span> <span class='ocrx_word' id='word_1_17' title='bbox 1741 315 1814 358; x_wconf 56' lang='grc' dir='ltr'><em>ἐπ’</em></span> 
     </span>
     <span class='ocr_line' id='line_1_5' title="bbox 159 380 1819 441; baseline -0.003 -11"><span class='ocrx_word' id='word_1_18' title='bbox 159 385 322 437; x_wconf 80' lang='grc' dir='ltr'><em>αὐτοῖς.</em></span> <span class='ocrx_word' id='word_1_19' title='bbox 381 386 451 428; x_wconf 83' lang='grc' dir='ltr'><em>καὶ</em></span> <span class='ocrx_word' id='word_1_20' title='bbox 489 381 622 440; x_wconf 72' lang='grc' dir='ltr'><em>ἡδονῇ</em></span> <span class='ocrx_word' id='word_1_21' title='bbox 662 383 744 439; x_wconf 82' lang='grc' dir='ltr'><em>γὰρ</em></span> <span class='ocrx_word' id='word_1_22' title='bbox 784 384 862 440; x_wconf 75' lang='grc' dir='ltr'><em>τὴν</em></span> <span class='ocrx_word' id='word_1_23' title='bbox 904 381 1114 441; x_wconf 77' lang='grc' dir='ltr'><em>ἀκρόασιν</em></span> <span class='ocrx_word' id='word_1_24' title='bbox 1153 380 1214 426; x_wconf 80' lang='grc' dir='ltr'><em>ῶν</em></span> <span class='ocrx_word' id='word_1_25' title='bbox 1246 386 1410 440; x_wconf 85' lang='grc' dir='ltr'><em>λέγοιεν</em></span> <span class='ocrx_word' id='word_1_26' title='bbox 1442 383 1637 437; x_wconf 84' lang='grc' dir='ltr'><em>ἐδέχοντο</em></span> <span class='ocrx_word' id='word_1_27' title='bbox 1670 385 1711 427; x_wconf 82' lang='grc' dir='ltr'><em>οἱ</em></span> <span class='ocrx_word' id='word_1_28' title='bbox 1745 383 1819 426; x_wconf 82' lang='grc' dir='ltr'><em>ίὶν-</em></span> 
     </span>
     <span class='ocr_line' id='line_1_6' title="bbox 157 450 1819 510; baseline -0.001 -14"><span class='ocrx_word' id='word_1_29' title='bbox 157 458 362 510; x_wconf 79' lang='grc' dir='ltr'><em>θρωποι,</em></span> <span class='ocrx_word' id='word_1_30' title='bbox 402 451 680 506; x_wconf 81' lang='grc' dir='ltr'><em>προύκοπτεν</em></span> <span class='ocrx_word' id='word_1_31' title='bbox 721 452 794 494; x_wconf 82' lang='grc' dir='ltr'><em>ἐπὶ</em></span> <span class='ocrx_word' id='word_1_32' title='bbox 827 455 938 508; x_wconf 76' lang='grc' dir='ltr'><em>μέγα</em></span> <span class='ocrx_word' id='word_1_33' title='bbox 969 450 992 509; x_wconf 74' lang='grc' dir='ltr'>ἡ</span> <span class='ocrx_word' id='word_1_34' title='bbox 1026 451 1211 508; x_wconf 68' lang='grc' dir='ltr'><em>ἐπιβολὴ</em></span> <span class='ocrx_word' id='word_1_35' title='bbox 1243 454 1320 494; x_wconf 86' lang='grc' dir='ltr'><em>τοῦ</em></span> <span class='ocrx_word' id='word_1_36' title='bbox 1351 451 1648 508; x_wconf 71' lang='grc' dir='ltr'><em>τολμηματος,</em></span> <span class='ocrx_word' id='word_1_37' title='bbox 1689 453 1819 495; x_wconf 86' lang='grc' dir='ltr'><em>κακόν</em></span> 
     </span>
     <span class='ocr_line' id='line_1_7' title="bbox 156 515 1821 576; baseline -0.002 -12"><span class='ocrx_word' id='word_1_38' title='bbox 156 538 204 564; x_wconf 86' lang='grc' dir='ltr'><em>τε</em></span> <span class='ocrx_word' id='word_1_39' title='bbox 234 516 310 564; x_wconf 71' lang='grc' dir='ltr'><em>οὐκ</em></span> <span class='ocrx_word' id='word_1_40' title='bbox 340 520 480 571; x_wconf 77' lang='grc' dir='ltr'><em>ἔστιν,</em></span> <span class='ocrx_word' id='word_1_41' title='bbox 518 515 568 561; x_wconf 77' lang='grc' dir='ltr'><em>οὗ</em></span> <span class='ocrx_word' id='word_1_42' title='bbox 599 518 655 575; x_wconf 78' lang='grc' dir='ltr'><em>μη</em></span> <span class='ocrx_word' id='word_1_43' title='bbox 690 523 874 576; x_wconf 78' lang='grc' dir='ltr'><em>φυέντος</em></span> <span class='ocrx_word' id='word_1_44' title='bbox 906 520 949 562; x_wconf 84' lang='grc' dir='ltr'><em>ἐκ</em></span> <span class='ocrx_word' id='word_1_45' title='bbox 979 521 1115 563; x_wconf 86' lang='grc' dir='ltr'><em>τῶνδε</em></span> <span class='ocrx_word' id='word_1_46' title='bbox 1147 522 1234 562; x_wconf 90' lang='grc' dir='ltr'><em>τῶν</em></span> <span class='ocrx_word' id='word_1_47' title='bbox 1266 516 1437 574; x_wconf 80' lang='grc' dir='ltr'><em>ἀνδρῶν</em></span> <span class='ocrx_word' id='word_1_48' title='bbox 1468 521 1538 561; x_wconf 84' lang='grc' dir='ltr'><em>καὶ</em></span> <span class='ocrx_word' id='word_1_49' title='bbox 1573 523 1821 575; x_wconf 79' lang='grc' dir='ltr'><em>περαιτέρω</em></span> 
     </span>
     <span class='ocr_line' id='line_1_8' title="bbox 154 583 1820 644; baseline -0.002 -12"><span class='ocrx_word' id='word_1_50' title='bbox 154 591 231 632; x_wconf 85' lang='grc' dir='ltr'><em>τοῦ</em></span> <span class='ocrx_word' id='word_1_51' title='bbox 264 587 406 631; x_wconf 85' lang='grc' dir='ltr'><em>εἰπεῖν</em></span> <span class='ocrx_word' id='word_1_52' title='bbox 437 583 698 644; x_wconf 80' lang='grc' dir='ltr'><em>άνεπλησθη</em></span> <span class='ocrx_word' id='word_1_53' title='bbox 730 586 778 629; x_wconf 86' lang='grc' dir='ltr'><em>τὸ</em></span> <span class='ocrx_word' id='word_1_54' title='bbox 814 587 967 637; x_wconf 68' lang='grc' dir='ltr'><em>ἔθνος·</em></span> <span class='ocrx_word' id='word_1_55' title='bbox 1008 589 1214 642; x_wconf 85' lang='grc' dir='ltr'><em>πολέμων</em></span> <span class='ocrx_word' id='word_1_56' title='bbox 1255 603 1302 629; x_wconf 89' lang='grc' dir='ltr'><em>τε</em></span> <span class='ocrx_word' id='word_1_57' title='bbox 1337 586 1589 642; x_wconf 76' lang='grc' dir='ltr'><em>ἐπαγωγαῖς</em></span> <span class='ocrx_word' id='word_1_58' title='bbox 1621 584 1694 640; x_wconf 85' lang='grc' dir='ltr'><em>ούχ</em></span> <span class='ocrx_word' id='word_1_59' title='bbox 1726 588 1820 630; x_wconf 78' lang='grc' dir='ltr'><em>οἱον</em></span> 
     </span>
     <span class='ocr_line' id='line_1_9' title="bbox 154 652 1820 711; baseline -0.002 -12"><span class='ocrx_word' id='word_1_60' title='bbox 154 655 204 699; x_wconf 82' lang='grc' dir='ltr'><em>τὸ</em></span> <span class='ocrx_word' id='word_1_61' title='bbox 238 652 468 698; x_wconf 73' lang='grc' dir='ltr'><em>ἄπαυστον</em></span> <span class='ocrx_word' id='word_1_62' title='bbox 497 654 576 711; x_wconf 77' lang='grc' dir='ltr'><em>τὴν</em></span> <span class='ocrx_word' id='word_1_63' title='bbox 605 658 708 709; x_wconf 73' lang='grc' dir='ltr'><em>βίαν</em></span> <span class='ocrx_word' id='word_1_64' title='bbox 741 655 873 707; x_wconf 59' lang='grc' dir='ltr'><em>ἐχειν,</em></span> <span class='ocrx_word' id='word_1_65' title='bbox 906 658 974 697; x_wconf 80' lang='grc' dir='ltr'><em>καὶ</em></span> <span class='ocrx_word' id='word_1_66' title='bbox 1011 652 1309 711; x_wconf 68' lang='grc' dir='ltr'><em>ἀποστέρησιν</em></span> <span class='ocrx_word' id='word_1_67' title='bbox 1342 655 1507 711; x_wconf 83' lang='grc' dir='ltr'><em>φίλων,</em></span> <span class='ocrx_word' id='word_1_68' title='bbox 1540 656 1583 696; x_wconf 82' lang='grc' dir='ltr'><em>οἳ</em></span> <span class='ocrx_word' id='word_1_69' title='bbox 1614 656 1683 696; x_wconf 82' lang='grc' dir='ltr'><em>καὶ</em></span> <span class='ocrx_word' id='word_1_70' title='bbox 1718 654 1820 696; x_wconf 81' lang='grc' dir='ltr'><em>ἐπε-</em></span> 
     </span>
     <span class='ocr_line' id='line_1_10' title="bbox 157 721 1821 781; baseline -0.002 -15"><span class='ocrx_word' id='word_1_71' title='bbox 157 722 422 781; x_wconf 83' lang='grc' dir='ltr'><em>λαφρύνοιεν</em></span> <span class='ocrx_word' id='word_1_72' title='bbox 450 722 526 765; x_wconf 88' lang='grc' dir='ltr'><em>τὸν</em></span> <span class='ocrx_word' id='word_1_73' title='bbox 559 722 709 774; x_wconf 82' lang='grc' dir='ltr'><em>πόνον,</em></span> <span class='ocrx_word' id='word_1_74' title='bbox 744 723 987 779; x_wconf 77' lang='grc' dir='ltr'><em>ληστηρίων</em></span> <span class='ocrx_word' id='word_1_75' title='bbox 1018 739 1063 765; x_wconf 88' lang='grc' dir='ltr'><em>τε</em></span> <span class='ocrx_word' id='word_1_76' title='bbox 1095 723 1294 779; x_wconf 79' lang='grc' dir='ltr'><em>μεγάλων</em></span> <span class='ocrx_word' id='word_1_77' title='bbox 1326 721 1588 765; x_wconf 67' lang='grc' dir='ltr'><em>ἐπιθέσεσιν</em></span> <span class='ocrx_word' id='word_1_78' title='bbox 1618 723 1690 764; x_wconf 85' lang='grc' dir='ltr'><em>καὶ</em></span> <span class='ocrx_word' id='word_1_79' title='bbox 1724 723 1821 764; x_wconf 85' lang='grc' dir='ltr'><em>δια-</em></span> 
     </span>
     <span class='ocr_line' id='line_1_11' title="bbox 157 785 1822 849; baseline -0.001 -15"><span class='ocrx_word' id='word_1_80' title='bbox 157 794 356 849; x_wconf 88' lang='grc' dir='ltr'><em>φθοραῖς</em></span> <span class='ocrx_word' id='word_1_81' title='bbox 387 785 558 844; x_wconf 75' lang='grc' dir='ltr'><em>ἀνδρῶν</em></span> <span class='ocrx_word' id='word_1_82' title='bbox 588 792 675 832; x_wconf 90' lang='grc' dir='ltr'><em>τῶν</em></span> <span class='ocrx_word' id='word_1_83' title='bbox 707 790 917 844; x_wconf 76' lang='grc' dir='ltr'><em>πρώτων,</em></span> <span class='ocrx_word' id='word_1_84' title='bbox 955 790 1062 841; x_wconf 82' lang='grc' dir='ltr'><em>δόξα</em></span> <span class='ocrx_word' id='word_1_85' title='bbox 1092 791 1171 845; x_wconf 80' lang='grc' dir='ltr'><em>μὲν</em></span> <span class='ocrx_word' id='word_1_86' title='bbox 1197 793 1275 833; x_wconf 84' lang='grc' dir='ltr'><em>τοῦ</em></span> <span class='ocrx_word' id='word_1_87' title='bbox 1306 785 1582 846; x_wconf 70' lang='grc' dir='ltr'><em>ὀρθουμένου</em></span> <span class='ocrx_word' id='word_1_88' title='bbox 1612 791 1699 832; x_wconf 90' lang='grc' dir='ltr'><em>τῶν</em></span> <span class='ocrx_word' id='word_1_89' title='bbox 1730 807 1822 832; x_wconf 83' lang='grc' dir='ltr'><em>κοι-</em></span> 
     </span>
     <span class='ocr_line' id='line_1_12' title="bbox 157 854 1822 915; baseline -0.002 -13"><span class='ocrx_word' id='word_1_90' title='bbox 157 861 264 915; x_wconf 76' lang='grc' dir='ltr'><em>νῶν,</em></span> <span class='ocrx_word' id='word_1_91' title='bbox 303 857 414 914; x_wconf 74' lang='grc' dir='ltr'><em>ἔργῳ</em></span> <span class='ocrx_word' id='word_1_92' title='bbox 446 858 492 899; x_wconf 81' lang='grc' dir='ltr'><em>δὲ·</em></span> <span class='ocrx_word' id='word_1_93' title='bbox 524 857 697 900; x_wconf 83' lang='grc' dir='ltr'><em>οἰκείων</em></span> <span class='ocrx_word' id='word_1_94' title='bbox 729 859 890 913; x_wconf 87' lang='grc' dir='ltr'><em>κερδῶν</em></span> <span class='ocrx_word' id='word_1_95' title='bbox 922 857 1112 901; x_wconf 86' lang='grc' dir='ltr'><em>ἐλπίσιν.</em></span> <span class='ocrx_word' id='word_1_96' title='bbox 1172 858 1219 909; x_wconf 79' lang='grc' dir='ltr'><em>ἐξ</em></span> <span class='ocrx_word' id='word_1_97' title='bbox 1247 854 1308 901; x_wconf 82' lang='grc' dir='ltr'><em>ῶν</em></span> <span class='ocrx_word' id='word_1_98' title='bbox 1340 857 1518 908; x_wconf 81' lang='grc' dir='ltr'><em>στάσεις</em></span> <span class='ocrx_word' id='word_1_99' title='bbox 1548 873 1596 899; x_wconf 88' lang='grc' dir='ltr'><em>τε</em></span> <span class='ocrx_word' id='word_1_100' title='bbox 1627 856 1822 914; x_wconf 79' lang='grc' dir='ltr'><em>ἐφύησαν</em></span> 
     </span>
     <span class='ocr_line' id='line_1_13' title="bbox 157 921 1824 983; baseline -0.001 -14"><span class='ocrx_word' id='word_1_101' title='bbox 157 921 217 970; x_wconf 75' lang='grc' dir='ltr'><em>δι’</em></span> <span class='ocrx_word' id='word_1_102' title='bbox 260 921 394 976; x_wconf 81' lang='grc' dir='ltr'><em>αὖτάς</em></span> <span class='ocrx_word' id='word_1_103' title='bbox 430 927 500 968; x_wconf 80' lang='grc' dir='ltr'><em>καὶ</em></span> <span class='ocrx_word' id='word_1_104' title='bbox 549 925 686 981; x_wconf 85' lang='grc' dir='ltr'><em>φόνος</em></span> <span class='ocrx_word' id='word_1_105' title='bbox 726 925 974 977; x_wconf 76' lang='grc' dir='ltr'><em>πολιτικός,</em></span> <span class='ocrx_word' id='word_1_106' title='bbox 1015 923 1037 968; x_wconf 80' lang='grc' dir='ltr'>ὁ</span> <span class='ocrx_word' id='word_1_107' title='bbox 1080 926 1159 980; x_wconf 83' lang='grc' dir='ltr'><em>μὲν</em></span> <span class='ocrx_word' id='word_1_108' title='bbox 1199 925 1431 983; x_wconf 72' lang='grc' dir='ltr'><em>ἐμφυλίοις</em></span> <span class='ocrx_word' id='word_1_109' title='bbox 1463 934 1656 983; x_wconf 77' lang='grc' dir='ltr'><em>σφαγαῖς</em></span> <span class='ocrx_word' id='word_1_110' title='bbox 1685 929 1824 982; x_wconf 74' lang='grc' dir='ltr'><em>μανίᾳ</em></span> 
     </span>
     <span class='ocr_line' id='line_1_14' title="bbox 156 989 1824 1050; baseline -0.001 -14"><span class='ocrx_word' id='word_1_111' title='bbox 156 995 244 1036; x_wconf 85' lang='grc' dir='ltr'><em>τῶν</em></span> <span class='ocrx_word' id='word_1_112' title='bbox 285 989 543 1048; x_wconf 73' lang='grc' dir='ltr'><em>ἀνθρώπιον</em></span> <span class='ocrx_word' id='word_1_113' title='bbox 584 995 648 1043; x_wconf 76' lang='grc' dir='ltr'><em>εἴς</em></span> <span class='ocrx_word' id='word_1_114' title='bbox 686 1010 731 1036; x_wconf 89' lang='grc' dir='ltr'><em>τε</em></span> <span class='ocrx_word' id='word_1_115' title='bbox 773 989 986 1049; x_wconf 63' lang='grc' dir='ltr'><em>ἀλλήλους</em></span> <span class='ocrx_word' id='word_1_116' title='bbox 1024 995 1097 1036; x_wconf 88' lang='grc' dir='ltr'><em>καὶ</em></span> <span class='ocrx_word' id='word_1_117' title='bbox 1137 991 1296 1044; x_wconf 68' lang='grc' dir='ltr'><em>αύτούς</em></span> <span class='ocrx_word' id='word_1_118' title='bbox 1331 997 1567 1050; x_wconf 82' lang='grc' dir='ltr'><em>χρωμένων</em></span> <span class='ocrx_word' id='word_1_119' title='bbox 1599 992 1824 1049; x_wconf 76' lang='grc' dir='ltr'><em>ἐπιθυμίᾳ</em></span> 
     </span>
     <span class='ocr_line' id='line_1_15' title="bbox 156 1056 1824 1118; baseline -0.001 -14"><span class='ocrx_word' id='word_1_120' title='bbox 156 1063 234 1104; x_wconf 81' lang='grc' dir='ltr'><em>τοῦ</em></span> <span class='ocrx_word' id='word_1_121' title='bbox 265 1059 322 1117; x_wconf 77' lang='grc' dir='ltr'><em>μὴ</em></span> <span class='ocrx_word' id='word_1_122' title='bbox 356 1062 595 1104; x_wconf 79' lang='grc' dir='ltr'><em>λείπεσθαι</em></span> <span class='ocrx_word' id='word_1_123' title='bbox 629 1063 716 1104; x_wconf 88' lang='grc' dir='ltr'><em>τῶν</em></span> <span class='ocrx_word' id='word_1_124' title='bbox 749 1056 1200 1118; x_wconf 73' lang='grc' dir='ltr'><em>ἀντικαθεστηκότων,</em></span> <span class='ocrx_word' id='word_1_125' title='bbox 1233 1059 1254 1104; x_wconf 83' lang='grc' dir='ltr'>ὁ</span> <span class='ocrx_word' id='word_1_126' title='bbox 1289 1062 1336 1104; x_wconf 81' lang='grc' dir='ltr'><em>δὲ</em></span> <span class='ocrx_word' id='word_1_127' title='bbox 1366 1063 1454 1104; x_wconf 89' lang='grc' dir='ltr'><em>τῶν</em></span> <span class='ocrx_word' id='word_1_128' title='bbox 1485 1062 1725 1115; x_wconf 83' lang='grc' dir='ltr'><em>πολεμίων,</em></span> <span class='ocrx_word' id='word_1_129' title='bbox 1758 1062 1824 1103; x_wconf 90' lang='grc' dir='ltr'><em>λι-</em></span> 
     </span>
     <span class='ocr_line' id='line_1_16' title="bbox 157 1126 1824 1186; baseline 0 -15"><span class='ocrx_word' id='word_1_130' title='bbox 157 1128 240 1184; x_wconf 89' lang='grc' dir='ltr'><em>μός</em></span> <span class='ocrx_word' id='word_1_131' title='bbox 269 1145 316 1171; x_wconf 88' lang='grc' dir='ltr'><em>τε</em></span> <span class='ocrx_word' id='word_1_132' title='bbox 347 1128 410 1179; x_wconf 81' lang='grc' dir='ltr'><em>εἰς</em></span> <span class='ocrx_word' id='word_1_133' title='bbox 440 1126 630 1186; x_wconf 72' lang='grc' dir='ltr'><em>ὑστάτην</em></span> <span class='ocrx_word' id='word_1_134' title='bbox 663 1126 945 1182; x_wconf 78' lang='grc' dir='ltr'><em>ἀνακείμενος</em></span> <span class='ocrx_word' id='word_1_135' title='bbox 977 1126 1300 1182; x_wconf 77' lang='grc' dir='ltr'><em>ἀναισχυντίαν,</em></span> <span class='ocrx_word' id='word_1_136' title='bbox 1331 1132 1403 1173; x_wconf 88' lang='grc' dir='ltr'><em>καὶ</em></span> <span class='ocrx_word' id='word_1_137' title='bbox 1435 1129 1610 1172; x_wconf 86' lang='grc' dir='ltr'><em>πόλεων</em></span> <span class='ocrx_word' id='word_1_138' title='bbox 1636 1126 1824 1179; x_wconf 75' lang='grc' dir='ltr'><em>ἁλώσεις</em></span> 
     </span>
     <span class='ocr_line' id='line_1_17' title="bbox 157 1196 1823 1254; baseline -0.001 -14"><span class='ocrx_word' id='word_1_139' title='bbox 157 1197 230 1240; x_wconf 84' lang='grc' dir='ltr'><em>καὶ</em></span> <span class='ocrx_word' id='word_1_140' title='bbox 268 1201 572 1254; x_wconf 83' lang='grc' dir='ltr'><em>κατασκαφαί,</em></span> <span class='ocrx_word' id='word_1_141' title='bbox 612 1199 737 1251; x_wconf 89' lang='grc' dir='ltr'><em>μέχρι</em></span> <span class='ocrx_word' id='word_1_142' title='bbox 779 1196 829 1252; x_wconf 72' lang='grc' dir='ltr'><em>δὴ</em></span> <span class='ocrx_word' id='word_1_143' title='bbox 868 1198 940 1239; x_wconf 82' lang='grc' dir='ltr'><em>καὶ</em></span> <span class='ocrx_word' id='word_1_144' title='bbox 979 1196 1028 1239; x_wconf 83' lang='grc' dir='ltr'><em>τὸ</em></span> <span class='ocrx_word' id='word_1_145' title='bbox 1070 1196 1188 1252; x_wconf 85' lang='grc' dir='ltr'><em>ἱερὸν</em></span> <span class='ocrx_word' id='word_1_146' title='bbox 1226 1199 1303 1240; x_wconf 84' lang='grc' dir='ltr'><em>τοῦ</em></span> <span class='ocrx_word' id='word_1_147' title='bbox 1340 1199 1451 1240; x_wconf 83' lang='grc' dir='ltr'><em>θεοῦ</em></span> <span class='ocrx_word' id='word_1_148' title='bbox 1483 1196 1684 1252; x_wconf 85' lang='grc' dir='ltr'><em>ἐνείματο</em></span> <span class='ocrx_word' id='word_1_149' title='bbox 1716 1198 1823 1251; x_wconf 64' lang='grc' dir='ltr'><em>πυρὶ</em></span> 
     </span>
     <span class='ocr_line' id='line_1_18' title="bbox 155 1259 1825 1321; baseline -0.001 -14"><span class='ocrx_word' id='word_1_150' title='bbox 155 1266 243 1308; x_wconf 88' lang='grc' dir='ltr'><em>τῶν</em></span> <span class='ocrx_word' id='word_1_151' title='bbox 275 1265 501 1318; x_wconf 86' lang='grc' dir='ltr'><em>πολεμίων</em></span> <span class='ocrx_word' id='word_1_152' title='bbox 531 1259 608 1319; x_wconf 72' lang='grc' dir='ltr'><em>ἥδε</em></span> <span class='ocrx_word' id='word_1_153' title='bbox 638 1262 662 1321; x_wconf 82' lang='grc' dir='ltr'>ἡ</span> <span class='ocrx_word' id='word_1_154' title='bbox 697 1261 864 1315; x_wconf 81' lang='grc' dir='ltr'><em>στάσις.</em></span> <span class='ocrx_word' id='word_1_155' title='bbox 926 1260 1065 1315; x_wconf 70' lang='grc' dir='ltr'><em>οὕτως</em></span> <span class='ocrx_word' id='word_1_156' title='bbox 1105 1262 1190 1321; x_wconf 74' lang='grc' dir='ltr'><em>ἄρα</em></span> <span class='ocrx_word' id='word_1_157' title='bbox 1228 1262 1253 1321; x_wconf 85' lang='grc' dir='ltr'>ἡ</span> <span class='ocrx_word' id='word_1_158' title='bbox 1285 1267 1372 1308; x_wconf 87' lang='grc' dir='ltr'><em>τῶν</em></span> <span class='ocrx_word' id='word_1_159' title='bbox 1404 1269 1606 1320; x_wconf 88' lang='grc' dir='ltr'><em>πατρίων</em></span> <span class='ocrx_word' id='word_1_160' title='bbox 1635 1269 1825 1315; x_wconf 88' lang='grc' dir='ltr'><em>καίνισις</em></span> 
     </span>
     <span class='ocr_line' id='line_1_19' title="bbox 158 1328 1825 1390; baseline 0 -15"><span class='ocrx_word' id='word_1_161' title='bbox 158 1334 230 1375; x_wconf 81' lang='grc' dir='ltr'><em>καὶ</em></span> <span class='ocrx_word' id='word_1_162' title='bbox 261 1331 483 1390; x_wconf 71' lang='grc' dir='ltr'><em>μεταβολὴ</em></span> <span class='ocrx_word' id='word_1_163' title='bbox 515 1332 708 1388; x_wconf 84' lang='grc' dir='ltr'><em>μεγάλας</em></span> <span class='ocrx_word' id='word_1_164' title='bbox 739 1334 824 1386; x_wconf 75' lang='grc' dir='ltr'><em>ἔχει</em></span> <span class='ocrx_word' id='word_1_165' title='bbox 857 1331 1001 1389; x_wconf 80' lang='grc' dir='ltr'><em>ῥοπὰς</em></span> <span class='ocrx_word' id='word_1_166' title='bbox 1031 1334 1107 1376; x_wconf 81' lang='grc' dir='ltr'><em>τοῦ</em></span> <span class='ocrx_word' id='word_1_167' title='bbox 1141 1328 1449 1387; x_wconf 71' lang='grc' dir='ltr'><em>ἀπολουμένου</em></span> <span class='ocrx_word' id='word_1_168' title='bbox 1470 1341 1565 1383; x_wconf 89' lang='grc' dir='ltr'><em>τοῖς</em></span> <span class='ocrx_word' id='word_1_169' title='bbox 1587 1334 1825 1375; x_wconf 78' lang='grc' dir='ltr'><em>συνελθοῦ-</em></span> 
     </span>
     <span class='ocr_line' id='line_1_20' title="bbox 161 1396 1825 1457; baseline -0.001 -13"><span class='ocrx_word' id='word_1_170' title='bbox 161 1415 253 1453; x_wconf 89' lang='grc' dir='ltr'><em>σιν,</em></span> <span class='ocrx_word' id='word_1_171' title='bbox 287 1400 329 1443; x_wconf 80' lang='grc' dir='ltr'><em>ε’ί</em></span> <span class='ocrx_word' id='word_1_172' title='bbox 355 1417 402 1456; x_wconf 84' lang='grc' dir='ltr'><em>γε</em></span> <span class='ocrx_word' id='word_1_173' title='bbox 432 1402 502 1443; x_wconf 85' lang='grc' dir='ltr'><em>καὶ</em></span> <span class='ocrx_word' id='word_1_174' title='bbox 532 1396 696 1450; x_wconf 78' lang='grc' dir='ltr'><em>Ἰούδας</em></span> <span class='ocrx_word' id='word_1_175' title='bbox 727 1402 798 1443; x_wconf 85' lang='grc' dir='ltr'><em>καὶ</em></span> <span class='ocrx_word' id='word_1_176' title='bbox 830 1400 1065 1450; x_wconf 76' lang='grc' dir='ltr'><em>Σάδδωκος</em></span> <span class='ocrx_word' id='word_1_177' title='bbox 1092 1400 1304 1457; x_wconf 83' lang='grc' dir='ltr'><em>τετάρτην</em></span> <span class='ocrx_word' id='word_1_178' title='bbox 1336 1401 1611 1457; x_wconf 85' lang='grc' dir='ltr'><em>φιλοσοφίαν</em></span> <span class='ocrx_word' id='word_1_179' title='bbox 1643 1399 1825 1442; x_wconf 85' lang='grc' dir='ltr'><em>ἐπείσα-</em></span> 
     </span>
     <span class='ocr_line' id='line_1_21' title="bbox 159 1463 1826 1525; baseline -0.001 -14"><span class='ocrx_word' id='word_1_180' title='bbox 159 1485 261 1512; x_wconf 89' lang='grc' dir='ltr'><em>κτον</em></span> <span class='ocrx_word' id='word_1_181' title='bbox 298 1465 403 1524; x_wconf 82' lang='grc' dir='ltr'><em>ἡμῖν</em></span> <span class='ocrx_word' id='word_1_182' title='bbox 442 1467 685 1524; x_wconf 76' lang='grc' dir='ltr'><em>ἐγείραντες</em></span> <span class='ocrx_word' id='word_1_183' title='bbox 721 1469 794 1510; x_wconf 86' lang='grc' dir='ltr'><em>καὶ</em></span> <span class='ocrx_word' id='word_1_184' title='bbox 833 1467 993 1525; x_wconf 79' lang='grc' dir='ltr'><em>ταύτης</em></span> <span class='ocrx_word' id='word_1_185' title='bbox 1032 1468 1228 1522; x_wconf 81' lang='grc' dir='ltr'><em>ἐραστῶν</em></span> <span class='ocrx_word' id='word_1_186' title='bbox 1267 1463 1591 1525; x_wconf 71' lang='grc' dir='ltr'><em>εὐπορηθέντες</em></span> <span class='ocrx_word' id='word_1_187' title='bbox 1631 1467 1744 1523; x_wconf 86' lang='grc' dir='ltr'><em>πρός</em></span> <span class='ocrx_word' id='word_1_188' title='bbox 1778 1483 1826 1509; x_wconf 90' lang='grc' dir='ltr'><em>τε</em></span> 
     </span>
     <span class='ocr_line' id='line_1_22' title="bbox 160 1526 1826 1593; baseline -0.002 -14"><span class='ocrx_word' id='word_1_189' title='bbox 160 1535 210 1580; x_wconf 85' lang='grc' dir='ltr'><em>τὸ</em></span> <span class='ocrx_word' id='word_1_190' title='bbox 243 1535 389 1593; x_wconf 86' lang='grc' dir='ltr'><em>παρὸν</em></span> <span class='ocrx_word' id='word_1_191' title='bbox 419 1535 628 1590; x_wconf 79' lang='grc' dir='ltr'><em>θορύβων</em></span> <span class='ocrx_word' id='word_1_192' title='bbox 659 1534 737 1593; x_wconf 74' lang='grc' dir='ltr'><em>την</em></span> <span class='ocrx_word' id='word_1_193' title='bbox 768 1536 1000 1578; x_wconf 81' lang='grc' dir='ltr'><em>πολιτείαν</em></span> <span class='ocrx_word' id='word_1_194' title='bbox 1032 1534 1277 1593; x_wconf 80' lang='grc' dir='ltr'><em>ἐνέπλησαν</em></span> <span class='ocrx_word' id='word_1_195' title='bbox 1307 1537 1379 1578; x_wconf 82' lang='grc' dir='ltr'><em>καὶ</em></span> <span class='ocrx_word' id='word_1_196' title='bbox 1409 1538 1497 1578; x_wconf 93' lang='grc' dir='ltr'><em>τῶν</em></span> <span class='ocrx_word' id='word_1_197' title='bbox 1529 1526 1664 1585; x_wconf 70' lang='grc' dir='ltr'><em>αὖθις</em></span> <span class='ocrx_word' id='word_1_198' title='bbox 1683 1537 1826 1577; x_wconf 87' lang='grc' dir='ltr'><em>κακῶν</em></span> 
     </span>
     <span class='ocr_line' id='line_1_23' title="bbox 158 1599 1824 1661; baseline -0.001 -13"><span class='ocrx_word' id='word_1_199' title='bbox 158 1603 489 1661; x_wconf 81' lang='grc' dir='ltr'><em>κατειληφότων</em></span> <span class='ocrx_word' id='word_1_200' title='bbox 528 1603 650 1660; x_wconf 77' lang='grc' dir='ltr'><em>ῥίζας</em></span> <span class='ocrx_word' id='word_1_201' title='bbox 690 1603 985 1661; x_wconf 80' lang='grc' dir='ltr'><em>ἐφυτεύσαντο</em></span> <span class='ocrx_word' id='word_1_202' title='bbox 1024 1605 1087 1659; x_wconf 73' lang='grc' dir='ltr'><em>τῷ</em></span> <span class='ocrx_word' id='word_1_203' title='bbox 1127 1599 1344 1660; x_wconf 76' lang='grc' dir='ltr'><em>ἀσυνήθει</em></span> <span class='ocrx_word' id='word_1_204' title='bbox 1384 1604 1599 1660; x_wconf 84' lang='grc' dir='ltr'><em>πρότερον</em></span> <span class='ocrx_word' id='word_1_205' title='bbox 1637 1605 1824 1661; x_wconf 85' lang='grc' dir='ltr'><em>φιλοσο-</em></span> 
     </span>
     <span class='ocr_line' id='line_1_24' title="bbox 161 1667 1824 1731; baseline -0.002 -15"><span class='ocrx_word' id='word_1_206' title='bbox 161 1677 270 1731; x_wconf 84' lang='grc' dir='ltr'><em>φίας</em></span> <span class='ocrx_word' id='word_1_207' title='bbox 299 1672 501 1715; x_wconf 85' lang='grc' dir='ltr'><em>τοιᾶσδε·</em></span> <span class='ocrx_word' id='word_1_208' title='bbox 534 1673 637 1728; x_wconf 85' lang='grc' dir='ltr'><em>περὶ</em></span> <span class='ocrx_word' id='word_1_209' title='bbox 670 1667 720 1727; x_wconf 76' lang='grc' dir='ltr'><em>ἧς</em></span> <span class='ocrx_word' id='word_1_210' title='bbox 740 1667 869 1727; x_wconf 79' lang='grc' dir='ltr'><em>ὀλίγα</em></span> <span class='ocrx_word' id='word_1_211' title='bbox 888 1670 1106 1725; x_wconf 74' lang='grc' dir='ltr'><em>βούλομαι</em></span> <span class='ocrx_word' id='word_1_212' title='bbox 1129 1670 1339 1723; x_wconf 82' lang='grc' dir='ltr'><em>διελθεῖν,</em></span> <span class='ocrx_word' id='word_1_213' title='bbox 1372 1668 1516 1722; x_wconf 71' lang='grc' dir='ltr'><em>ἄλλως</em></span> <span class='ocrx_word' id='word_1_214' title='bbox 1545 1688 1593 1715; x_wconf 87' lang='grc' dir='ltr'><em>τε</em></span> <span class='ocrx_word' id='word_1_215' title='bbox 1623 1670 1720 1714; x_wconf 77' lang='grc' dir='ltr'><em>ἐπεὶ</em></span> <span class='ocrx_word' id='word_1_216' title='bbox 1752 1672 1824 1714; x_wconf 85' lang='grc' dir='ltr'><em>καὶ</em></span> 
     </span>
     <span class='ocr_line' id='line_1_25' title="bbox 159 1734 1827 1797; baseline -0.001 -14"><span class='ocrx_word' id='word_1_217' title='bbox 159 1743 223 1797; x_wconf 77' lang='grc' dir='ltr'><em>τῷ</em></span> <span class='ocrx_word' id='word_1_218' title='bbox 254 1735 350 1783; x_wconf 71' lang='grc' dir='ltr'><em>κατ’</em></span> <span class='ocrx_word' id='word_1_219' title='bbox 388 1734 531 1782; x_wconf 72' lang='grc' dir='ltr'><em>αὐτῶν</em></span> <span class='ocrx_word' id='word_1_220' title='bbox 563 1739 899 1782; x_wconf 83' lang='grc' dir='ltr'><em>σπουδασθέντι</em></span> <span class='ocrx_word' id='word_1_221' title='bbox 928 1747 1023 1788; x_wconf 87' lang='grc' dir='ltr'><em>τοῖς</em></span> <span class='ocrx_word' id='word_1_222' title='bbox 1054 1740 1283 1793; x_wconf 85' lang='grc' dir='ltr'><em>νεωτέροις</em></span> <span class='ocrx_word' id='word_1_223' title='bbox 1322 1739 1343 1781; x_wconf 81' lang='grc' dir='ltr'><em>ὃ</em></span> <span class='ocrx_word' id='word_1_224' title='bbox 1383 1739 1560 1796; x_wconf 86' lang='grc' dir='ltr'><em>φθόρος</em></span> <span class='ocrx_word' id='word_1_225' title='bbox 1589 1748 1683 1790; x_wconf 90' lang='grc' dir='ltr'><em>τοῖς</em></span> <span class='ocrx_word' id='word_1_226' title='bbox 1715 1738 1827 1793; x_wconf 83' lang='grc' dir='ltr'><em>πρά-</em></span> 
     </span>
     <span class='ocr_line' id='line_1_26' title="bbox 159 1810 542 1865; baseline -0.003 -14"><span class='ocrx_word' id='word_1_227' title='bbox 159 1823 297 1865; x_wconf 88' lang='grc' dir='ltr'><em>γμασι</em></span> <span class='ocrx_word' id='word_1_228' title='bbox 327 1810 542 1861; x_wconf 83' lang='grc' dir='ltr'><em>συνέτυχε.</em></span> 
     </span>
    </p>
   </div>
   <div class='ocr_carea' id='block_1_5' title="bbox 166 1884 368 1888">
    <p class='ocr_par' dir='ltr' id='par_1_5' title="bbox 166 1884 368 1888">
     <span class='ocr_line' id='line_1_27' title="bbox 166 1884 368 1888; baseline 0 0"><span class='ocrx_word' id='word_1_229' title='bbox 166 1884 368 1888; x_wconf 95' lang='lat' dir='ltr'><em> </em></span> 
     </span>
    </p>
   </div>
   <div class='ocr_carea' id='block_1_6' title="bbox 389 1883 607 1886">
    <p class='ocr_par' dir='ltr' id='par_1_6' title="bbox 389 1883 607 1886">
     <span class='ocr_line' id='line_1_28' title="bbox 389 1883 607 1886; baseline 0 0"><span class='ocrx_word' id='word_1_230' title='bbox 389 1883 607 1886; x_wconf 95' lang='lat' dir='ltr'><em> </em></span> 
     </span>
    </p>
   </div>
   <div class='ocr_carea' id='block_1_7' title="bbox 277 1919 786 1965">
    <p class='ocr_par' dir='ltr' id='par_1_7' title="bbox 277 1919 786 1965">
     <span class='ocr_line' id='line_1_29' title="bbox 277 1919 786 1965; baseline -0.01 -8"><span class='ocrx_word' id='word_1_231' title='bbox 277 1922 298 1965; x_wconf 66' lang='grc' dir='ltr'>ξ</span> <span class='ocrx_word' id='word_1_232' title='bbox 323 1924 343 1956; x_wconf 80' lang='grc'>9</span> <span class='ocrx_word' id='word_1_233' title='bbox 368 1939 412 1951; x_wconf 94' lang='lat'>=</span> <span class='ocrx_word' id='word_1_234' title='bbox 435 1920 518 1956; x_wconf 88' lang='lat' dir='ltr'>bell.</span> <span class='ocrx_word' id='word_1_235' title='bbox 543 1920 622 1955; x_wconf 89' lang='lat' dir='ltr'><em>Iud.</em></span> <span class='ocrx_word' id='word_1_236' title='bbox 648 1919 682 1953; x_wconf 94' lang='lat' dir='ltr'><em>II</em></span> <span class='ocrx_word' id='word_1_237' title='bbox 711 1922 786 1953; x_wconf 79' lang='grc'>118.</span> 
     </span>
    </p>
   </div>
   <div class='ocr_carea' id='block_1_8' title="bbox 163 2008 1834 3011">
    <p class='ocr_par' dir='ltr' id='par_1_8' title="bbox 275 2008 1150 2055">
     <span class='ocr_line' id='line_1_30' title="bbox 275 2008 1150 2055; baseline -0.002 -9"><span class='ocrx_word' id='word_1_238' title='bbox 275 2010 676 2046; x_wconf 82' lang='lat' dir='ltr'><strong>AMWELatZonaras</strong></span> <span class='ocrx_word' id='word_1_239' title='bbox 700 2010 718 2044; x_wconf 97' lang='lat' dir='ltr'>I</span> <span class='ocrx_word' id='word_1_240' title='bbox 742 2021 778 2055; x_wconf 88' lang='lat' dir='ltr'><em>p.</em></span> <span class='ocrx_word' id='word_1_241' title='bbox 800 2012 864 2043; x_wconf 73' lang='lat'><em>474</em></span> <span class='ocrx_word' id='word_1_242' title='bbox 891 2009 970 2045; x_wconf 86' lang='lat' dir='ltr'><em>Exc</em></span> <span class='ocrx_word' id='word_1_243' title='bbox 994 2008 1150 2044; x_wconf 81' lang='lat' dir='ltr'><strong>Peiresc.</strong></span> 
     </span>
    </p>

    <p class='ocr_par' dir='ltr' id='par_1_9' title="bbox 163 2063 1832 2507">
     <span class='ocr_line' id='line_1_31' title="bbox 280 2063 1830 2114; baseline -0.003 -11"><span class='ocrx_word' id='word_1_244' title='bbox 280 2072 293 2102; x_wconf 87' lang='lat' dir='ltr'>l</span> <span class='ocrx_word' id='word_1_245' title='bbox 321 2065 489 2114; x_wconf 81' lang='grc' dir='ltr'><em>ἐρασταὶ]</em></span> <span class='ocrx_word' id='word_1_246' title='bbox 513 2068 562 2102; x_wconf 89' lang='lat' dir='ltr'><em>A¹</em></span> <span class='ocrx_word' id='word_1_247' title='bbox 585 2065 768 2114; x_wconf 80' lang='grc' dir='ltr'><em>ἐργασταὶ</em></span> <span class='ocrx_word' id='word_1_248' title='bbox 793 2077 838 2101; x_wconf 84' lang='lat' dir='ltr'><em>ex</em></span> <span class='ocrx_word' id='word_1_249' title='bbox 862 2076 954 2102; x_wconf 87' lang='lat' dir='ltr'><strong>corr.</strong></span> <span class='ocrx_word' id='word_1_250' title='bbox 980 2067 1014 2100; x_wconf 96' lang='lat' dir='ltr'>A</span> <span class='ocrx_word' id='word_1_251' title='bbox 1037 2063 1194 2112; x_wconf 83' lang='grc' dir='ltr'><em>ἐργάται</em></span> <span class='ocrx_word' id='word_1_252' title='bbox 1217 2065 1387 2100; x_wconf 84' lang='lat' dir='ltr'><strong>MWExc</strong></span> <span class='ocrx_word' id='word_1_253' title='bbox 1520 2063 1615 2110; x_wconf 77' lang='grc' dir='ltr'><em>ἐξαφ</em></span> <span class='ocrx_word' id='word_1_254' title='bbox 1631 2084 1638 2091; x_wconf 89' lang='grc'><strong><em>·</em></strong></span> <span class='ocrx_word' id='word_1_255' title='bbox 1655 2067 1772 2100; x_wconf 87' lang='grc' dir='ltr'><em>ῶνται</em></span> <span class='ocrx_word' id='word_1_256' title='bbox 1796 2065 1830 2099; x_wconf 87' lang='lat' dir='ltr'>A</span> 
     </span>
     <span class='ocr_line' id='line_1_32' title="bbox 163 2119 1830 2169; baseline -0.003 -9"><span class='ocrx_word' id='word_1_257' title='bbox 163 2121 383 2169; x_wconf 76' lang='grc' dir='ltr'><em>ἐξαφίονται</em></span> <span class='ocrx_word' id='word_1_258' title='bbox 408 2123 487 2158; x_wconf 84' lang='lat' dir='ltr'><em>Exc</em></span> <span class='ocrx_word' id='word_1_259' title='bbox 602 2120 735 2166; x_wconf 85' lang='grc' dir='ltr'><em>πόνου]</em></span> <span class='ocrx_word' id='word_1_260' title='bbox 761 2123 915 2159; x_wconf 85' lang='lat' dir='ltr'><strong>Hudson</strong></span> <span class='ocrx_word' id='word_1_261' title='bbox 939 2120 1063 2169; x_wconf 77' lang='grc' dir='ltr'><em>φόνου</em></span> <span class='ocrx_word' id='word_1_262' title='bbox 1087 2122 1190 2157; x_wconf 88' lang='lat' dir='ltr'><strong>codd.</strong></span> <span class='ocrx_word' id='word_1_263' title='bbox 1216 2121 1296 2157; x_wconf 83' lang='lat' dir='ltr'><em>Exc</em></span> <span class='ocrx_word' id='word_1_264' title='bbox 1409 2124 1428 2156; x_wconf 85' lang='lat'><strong>2</strong></span> <span class='ocrx_word' id='word_1_265' title='bbox 1453 2123 1528 2163; x_wconf 81' lang='grc' dir='ltr'><em>καὶ]</em></span> <span class='ocrx_word' id='word_1_266' title='bbox 1553 2122 1577 2156; x_wconf 92' lang='lat' dir='ltr'><em>i.</em></span> <span class='ocrx_word' id='word_1_267' title='bbox 1603 2132 1714 2166; x_wconf 82' lang='lat' dir='ltr'><strong>marg.</strong></span> <span class='ocrx_word' id='word_1_268' title='bbox 1741 2119 1830 2155; x_wconf 85' lang='lat' dir='ltr'><em>III]</em></span> 
     </span>
     <span class='ocr_line' id='line_1_33' title="bbox 167 2176 1830 2226; baseline -0.002 -12"><span class='ocrx_word' id='word_1_269' title='bbox 167 2179 238 2214; x_wconf 74' lang='lat' dir='ltr'><em>Lat</em></span> <span class='ocrx_word' id='word_1_270' title='bbox 351 2181 370 2212; x_wconf 90' lang='lat'>3</span> <span class='ocrx_word' id='word_1_271' title='bbox 397 2176 668 2225; x_wconf 83' lang='grc' dir='ltr'><em>*προύκοπτεν</em></span> <span class='ocrx_word' id='word_1_272' title='bbox 691 2198 736 2204; x_wconf 89' lang='lat'>—</span> <span class='ocrx_word' id='word_1_273' title='bbox 760 2177 1015 2226; x_wconf 82' lang='grc' dir='ltr'><em>τολμήματος]</em></span> <span class='ocrx_word' id='word_1_274' title='bbox 1049 2179 1087 2213; x_wconf 77' lang='lat' dir='ltr'><em>in</em></span> <span class='ocrx_word' id='word_1_275' title='bbox 1119 2189 1291 2224; x_wconf 76' lang='lat' dir='ltr'><em>maqnum</em></span> <span class='ocrx_word' id='word_1_276' title='bbox 1314 2178 1446 2213; x_wconf 79' lang='lat' dir='ltr'><em>malum</em></span> <span class='ocrx_word' id='word_1_277' title='bbox 1471 2177 1600 2213; x_wconf 79' lang='lat' dir='ltr'><em>seditio</em></span> <span class='ocrx_word' id='word_1_278' title='bbox 1625 2177 1772 2212; x_wconf 83' lang='lat' dir='ltr'><em>illorum</em></span> <span class='ocrx_word' id='word_1_279' title='bbox 1797 2183 1830 2212; x_wconf 77' lang='lat' dir='ltr'><em>et</em></span> 
     </span>
     <span class='ocr_line' id='line_1_34' title="bbox 167 2230 1829 2282; baseline -0.002 -13"><span class='ocrx_word' id='word_1_280' title='bbox 167 2234 324 2270; x_wconf 81' lang='lat' dir='ltr'><em>audacia</em></span> <span class='ocrx_word' id='word_1_281' title='bbox 344 2234 605 2280; x_wconf 81' lang='lat' dir='ltr'><em>prorumpebat</em></span> <span class='ocrx_word' id='word_1_282' title='bbox 627 2234 700 2271; x_wconf 83' lang='lat' dir='ltr'><em>Lat</em></span> <span class='ocrx_word' id='word_1_283' title='bbox 790 2235 886 2282; x_wconf 83' lang='grc' dir='ltr'><em>μέγα</em></span> <span class='ocrx_word' id='word_1_284' title='bbox 910 2232 945 2282; x_wconf 80' lang='grc' dir='ltr'><em>ἦ]</em></span> <span class='ocrx_word' id='word_1_285' title='bbox 971 2236 1004 2270; x_wconf 91' lang='grc' dir='ltr'>Ε</span> <span class='ocrx_word' id='word_1_286' title='bbox 1027 2233 1171 2282; x_wconf 81' lang='grc' dir='ltr'><em>μεγάλη</em></span> <span class='ocrx_word' id='word_1_287' title='bbox 1195 2235 1299 2270; x_wconf 87' lang='lat' dir='ltr'><strong>codd.</strong></span> <span class='ocrx_word' id='word_1_288' title='bbox 1323 2235 1405 2270; x_wconf 84' lang='lat' dir='ltr'><em>Exc</em></span> <span class='ocrx_word' id='word_1_289' title='bbox 1497 2230 1668 2281; x_wconf 74' lang='grc' dir='ltr'><em>ἐπιβολὴ]</em></span> <span class='ocrx_word' id='word_1_290' title='bbox 1694 2233 1750 2268; x_wconf 87' lang='lat' dir='ltr'><em>ed.</em></span> <span class='ocrx_word' id='word_1_291' title='bbox 1774 2243 1829 2277; x_wconf 90' lang='lat' dir='ltr'><em>pr.</em></span> 
     </span>
     <span class='ocr_line' id='line_1_35' title="bbox 167 2285 1828 2338; baseline -0.001 -13"><span class='ocrx_word' id='word_1_292' title='bbox 167 2290 247 2326; x_wconf 82' lang='lat' dir='ltr'><em>Exc</em></span> <span class='ocrx_word' id='word_1_293' title='bbox 271 2288 451 2338; x_wconf 83' lang='grc' dir='ltr'><em>ἐπιβουλή</em></span> <span class='ocrx_word' id='word_1_294' title='bbox 475 2290 579 2326; x_wconf 89' lang='lat' dir='ltr'><strong>codd.</strong></span> <span class='ocrx_word' id='word_1_295' title='bbox 604 2289 784 2338; x_wconf 78' lang='grc' dir='ltr'><em>ἐπιβουλὴ</em></span> <span class='ocrx_word' id='word_1_296' title='bbox 809 2291 842 2327; x_wconf 90' lang='grc' dir='ltr'>Ε</span> <span class='ocrx_word' id='word_1_297' title='bbox 947 2295 967 2326; x_wconf 78' lang='grc'>4</span> <span class='ocrx_word' id='word_1_298' title='bbox 991 2294 1044 2334; x_wconf 88' lang='grc' dir='ltr'><em>τε]</em></span> <span class='ocrx_word' id='word_1_299' title='bbox 1069 2291 1108 2328; x_wconf 81' lang='grc' dir='ltr'><em>δὲ</em></span> <span class='ocrx_word' id='word_1_300' title='bbox 1132 2290 1254 2326; x_wconf 89' lang='lat' dir='ltr'><em>MWE</em></span> <span class='ocrx_word' id='word_1_301' title='bbox 1279 2287 1314 2326; x_wconf 82' lang='grc' dir='ltr'><em>δ’</em></span> <span class='ocrx_word' id='word_1_302' title='bbox 1339 2291 1430 2330; x_wconf 69' lang='lat' dir='ltr'><strong>Exc,</strong></span> <span class='ocrx_word' id='word_1_303' title='bbox 1535 2294 1554 2324; x_wconf 85' lang='lat'>5</span> <span class='ocrx_word' id='word_1_304' title='bbox 1578 2286 1666 2330; x_wconf 89' lang='grc' dir='ltr'><em>*τὸ]</em></span> <span class='ocrx_word' id='word_1_305' title='bbox 1690 2289 1760 2333; x_wconf 79' lang='grc' dir='ltr'><em>μὲν</em></span> <span class='ocrx_word' id='word_1_306' title='bbox 1783 2285 1828 2324; x_wconf 82' lang='grc' dir='ltr'><em>τὸ</em></span> 
     </span>
     <span class='ocr_line' id='line_1_36' title="bbox 169 2340 1831 2394; baseline 0 -13"><span class='ocrx_word' id='word_1_307' title='bbox 169 2345 248 2381; x_wconf 86' lang='lat' dir='ltr'><em>Exc</em></span> <span class='ocrx_word' id='word_1_308' title='bbox 334 2342 401 2392; x_wconf 81' lang='grc' dir='ltr'><em>οὐχ</em></span> <span class='ocrx_word' id='word_1_309' title='bbox 426 2342 522 2387; x_wconf 75' lang='grc' dir='ltr'><em>οἷον]</em></span> <span class='ocrx_word' id='word_1_310' title='bbox 548 2341 614 2382; x_wconf 78' lang='grc' dir='ltr'><em>οὐ·</em></span> <span class='ocrx_word' id='word_1_311' title='bbox 633 2342 694 2392; x_wconf 75' lang='lat' dir='ltr'><em>‘Z’</em></span> <span class='ocrx_word' id='word_1_312' title='bbox 721 2340 774 2383; x_wconf 80' lang='grc' dir='ltr'><em>ὦν</em></span> <span class='ocrx_word' id='word_1_313' title='bbox 798 2351 904 2388; x_wconf 86' lang='lat' dir='ltr'><strong>(corr.</strong></span> <span class='ocrx_word' id='word_1_314' title='bbox 929 2359 974 2383; x_wconf 82' lang='lat' dir='ltr'><em>ex</em></span> <span class='ocrx_word' id='word_1_315' title='bbox 999 2343 1066 2394; x_wconf 75' lang='grc' dir='ltr'><em>οὐχ</em></span> <span class='ocrx_word' id='word_1_316' title='bbox 1083 2368 1088 2373; x_wconf 89' lang='grc'><strong>-</strong></span> <span class='ocrx_word' id='word_1_317' title='bbox 1104 2367 1112 2374; x_wconf 96' lang='grc'><strong>-</strong></span> <span class='ocrx_word' id='word_1_318' title='bbox 1131 2350 1196 2390; x_wconf 85' lang='grc' dir='ltr'><em>ων)</em></span> <span class='ocrx_word' id='word_1_319' title='bbox 1220 2349 1254 2382; x_wconf 91' lang='lat' dir='ltr'>A</span> <span class='ocrx_word' id='word_1_320' title='bbox 1280 2342 1347 2393; x_wconf 78' lang='grc' dir='ltr'><em>οὐχ</em></span> <span class='ocrx_word' id='word_1_321' title='bbox 1374 2344 1466 2384; x_wconf 72' lang='grc' dir='ltr'><em>οἵων</em></span> <span class='ocrx_word' id='word_1_322' title='bbox 1488 2346 1635 2382; x_wconf 85' lang='lat' dir='ltr'><strong>Bekker</strong></span> <span class='ocrx_word' id='word_1_323' title='bbox 1727 2348 1747 2379; x_wconf 88' lang='grc'><strong>6</strong></span> <span class='ocrx_word' id='word_1_324' title='bbox 1772 2343 1831 2386; x_wconf 86' lang='grc' dir='ltr'><em>τὸ]</em></span> 
     </span>
     <span class='ocr_line' id='line_1_37' title="bbox 168 2398 1832 2450; baseline -0.001 -12"><span class='ocrx_word' id='word_1_325' title='bbox 168 2415 213 2439; x_wconf 88' lang='grc' dir='ltr'><em>το</em></span> <span class='ocrx_word' id='word_1_326' title='bbox 248 2403 297 2437; x_wconf 79' lang='grc' dir='ltr'><em>Αι</em></span> <span class='ocrx_word' id='word_1_327' title='bbox 328 2415 368 2438; x_wconf 85' lang='grc' dir='ltr'><em>τε</em></span> <span class='ocrx_word' id='word_1_328' title='bbox 399 2401 568 2442; x_wconf 69' lang='lat' dir='ltr'><strong>MWExc</strong></span> <span class='ocrx_word' id='word_1_329' title='bbox 600 2415 640 2439; x_wconf 90' lang='grc' dir='ltr'><em>τε</em></span> <span class='ocrx_word' id='word_1_330' title='bbox 673 2398 741 2439; x_wconf 75' lang='grc' dir='ltr'><em>οὐκ</em></span> <span class='ocrx_word' id='word_1_331' title='bbox 772 2403 924 2439; x_wconf 85' lang='lat' dir='ltr'><strong>Hudson</strong></span> <span class='ocrx_word' id='word_1_332' title='bbox 1061 2399 1340 2450; x_wconf 71' lang='grc' dir='ltr'><em>α’ποστερήσεσι</em></span> <span class='ocrx_word' id='word_1_333' title='bbox 1371 2403 1518 2438; x_wconf 82' lang='lat' dir='ltr'><strong>Bekker</strong></span> <span class='ocrx_word' id='word_1_334' title='bbox 1657 2405 1675 2436; x_wconf 84' lang='grc' dir='ltr'><em>ἰ’</em></span> <span class='ocrx_word' id='word_1_335' title='bbox 1709 2405 1761 2443; x_wconf 87' lang='grc' dir='ltr'><em>τε]</em></span> <span class='ocrx_word' id='word_1_336' title='bbox 1794 2401 1832 2437; x_wconf 76' lang='grc' dir='ltr'><em>δὲ</em></span> 
     </span>
     <span class='ocr_line' id='line_1_38' title="bbox 167 2453 1832 2507; baseline 0 -14"><span class='ocrx_word' id='word_1_337' title='bbox 167 2457 338 2493; x_wconf 85' lang='lat' dir='ltr'><strong>MWExc</strong></span> <span class='ocrx_word' id='word_1_338' title='bbox 429 2460 646 2504; x_wconf 77' lang='grc' dir='ltr'><em>διαφθοριῖσ</em></span> <span class='ocrx_word' id='word_1_339' title='bbox 669 2458 701 2493; x_wconf 91' lang='grc' dir='ltr'><strong>Ε</strong></span> <span class='ocrx_word' id='word_1_340' title='bbox 725 2462 929 2507; x_wconf 77' lang='grc' dir='ltr'><em>διαφοραῖσ</em></span> <span class='ocrx_word' id='word_1_341' title='bbox 953 2460 1032 2496; x_wconf 85' lang='lat' dir='ltr'><em>Exc</em></span> <span class='ocrx_word' id='word_1_342' title='bbox 1147 2463 1165 2495; x_wconf 84' lang='lat' dir='ltr'>S</span> <span class='ocrx_word' id='word_1_343' title='bbox 1191 2457 1277 2506; x_wconf 76' lang='grc' dir='ltr'><em>δόξη</em></span> <span class='ocrx_word' id='word_1_344' title='bbox 1302 2460 1334 2494; x_wconf 93' lang='grc' dir='ltr'><strong>Ε</strong></span> <span class='ocrx_word' id='word_1_345' title='bbox 1425 2453 1544 2501; x_wconf 76' lang='grc' dir='ltr'><em>*δόξα</em></span> <span class='ocrx_word' id='word_1_346' title='bbox 1567 2458 1638 2503; x_wconf 80' lang='grc' dir='ltr'><em>μὲν</em></span> <span class='ocrx_word' id='word_1_347' title='bbox 1660 2468 1728 2494; x_wconf 91' lang='lat' dir='ltr'><em>om.</em></span> <span class='ocrx_word' id='word_1_348' title='bbox 1753 2457 1832 2493; x_wconf 85' lang='lat' dir='ltr'><em>Exc</em></span> 
     </span>
    </p>

    <p class='ocr_par' dir='ltr' id='par_1_10' title="bbox 168 2509 1834 3011">
     <span class='ocr_line' id='line_1_39' title="bbox 281 2509 1834 2561; baseline 0 -11"><span class='ocrx_word' id='word_1_349' title='bbox 281 2510 537 2561; x_wconf 79' lang='grc' dir='ltr'><em>*ὀρθωμένου</em></span> <span class='ocrx_word' id='word_1_350' title='bbox 561 2514 601 2548; x_wconf 85' lang='grc' dir='ltr'><strong>Μ</strong></span> <span class='ocrx_word' id='word_1_351' title='bbox 627 2509 843 2561; x_wconf 78' lang='grc' dir='ltr'><em>ὀρθομένου</em></span> <span class='ocrx_word' id='word_1_352' title='bbox 865 2516 913 2550; x_wconf 90' lang='lat' dir='ltr'>W</span> <span class='ocrx_word' id='word_1_353' title='bbox 993 2520 1034 2551; x_wconf 79' lang='lat'><em>10</em></span> <span class='ocrx_word' id='word_1_354' title='bbox 1059 2511 1107 2552; x_wconf 74' lang='grc' dir='ltr'><em>δι’</em></span> <span class='ocrx_word' id='word_1_355' title='bbox 1133 2512 1248 2558; x_wconf 76' lang='grc' dir='ltr'><em>αὐτὰς</em></span> <span class='ocrx_word' id='word_1_356' title='bbox 1272 2527 1339 2551; x_wconf 92' lang='lat' dir='ltr'><em>om.</em></span> <span class='ocrx_word' id='word_1_357' title='bbox 1365 2515 1398 2550; x_wconf 92' lang='lat' dir='ltr'>E</span> <span class='ocrx_word' id='word_1_358' title='bbox 1469 2518 1506 2549; x_wconf 90' lang='lat'><em>11</em></span> <span class='ocrx_word' id='word_1_359' title='bbox 1535 2511 1683 2557; x_wconf 74' lang='grc' dir='ltr'><em>αὖτοὺς]</em></span> <span class='ocrx_word' id='word_1_360' title='bbox 1709 2509 1834 2550; x_wconf 74' lang='grc' dir='ltr'><em>αὐτῶν</em></span> 
     </span>
     <span class='ocr_line' id='line_1_40' title="bbox 169 2568 1768 2618; baseline -0.001 -12"><span class='ocrx_word' id='word_1_361' title='bbox 169 2570 338 2606; x_wconf 85' lang='lat' dir='ltr'><strong>MWExc</strong></span> <span class='ocrx_word' id='word_1_362' title='bbox 451 2568 625 2617; x_wconf 80' lang='grc' dir='ltr'><em>ἐπιδημία</em></span> <span class='ocrx_word' id='word_1_363' title='bbox 650 2570 729 2606; x_wconf 85' lang='lat' dir='ltr'><em>Exc</em></span> <span class='ocrx_word' id='word_1_364' title='bbox 845 2574 885 2607; x_wconf 87' lang='lat'><em>12</em></span> <span class='ocrx_word' id='word_1_365' title='bbox 911 2568 1303 2618; x_wconf 75' lang='grc' dir='ltr'><em>ἀντικαθεστηκότων]</em></span> <span class='ocrx_word' id='word_1_366' title='bbox 1332 2568 1666 2617; x_wconf 75' lang='grc' dir='ltr'><em>τικαθεστηκότων</em></span> <span class='ocrx_word' id='word_1_367' title='bbox 1688 2570 1768 2605; x_wconf 82' lang='lat' dir='ltr'><em>Exc</em></span> 
     </span>
     <span class='ocr_line' id='line_1_41' title="bbox 173 2625 1743 2674; baseline -0.001 -12"><span class='ocrx_word' id='word_1_368' title='bbox 173 2629 215 2662; x_wconf 84' lang='lat'><em>14</em></span> <span class='ocrx_word' id='word_1_369' title='bbox 237 2629 494 2673; x_wconf 82' lang='grc' dir='ltr'><em>κατασκαφαὶ]</em></span> <span class='ocrx_word' id='word_1_370' title='bbox 520 2627 640 2663; x_wconf 83' lang='lat' dir='ltr'><strong>EExc</strong></span> <span class='ocrx_word' id='word_1_371' title='bbox 663 2626 918 2673; x_wconf 80' lang='grc' dir='ltr'><em>κατασκαῳὰσ</em></span> <span class='ocrx_word' id='word_1_372' title='bbox 941 2628 1015 2663; x_wconf 88' lang='grc' dir='ltr'><em>ΑΜ</em></span> <span class='ocrx_word' id='word_1_373' title='bbox 1039 2625 1299 2674; x_wconf 77' lang='grc' dir='ltr'><em>κατασφαγὰσ</em></span> <span class='ocrx_word' id='word_1_374' title='bbox 1322 2627 1370 2662; x_wconf 89' lang='lat' dir='ltr'>W</span> <span class='ocrx_word' id='word_1_375' title='bbox 1496 2629 1594 2673; x_wconf 80' lang='grc' dir='ltr'><em>πυρὶ,</em></span> <span class='ocrx_word' id='word_1_376' title='bbox 1619 2630 1632 2663; x_wconf 83' lang='grc' dir='ltr'><em>ὶ</em></span> <span class='ocrx_word' id='word_1_377' title='bbox 1656 2637 1684 2662; x_wconf 86' lang='lat' dir='ltr'><em>s.</em></span> <span class='ocrx_word' id='word_1_378' title='bbox 1709 2628 1743 2661; x_wconf 83' lang='lat' dir='ltr'>A</span> 
     </span>
     <span class='ocr_line' id='line_1_42' title="bbox 172 2679 1833 2730; baseline 0 -11"><span class='ocrx_word' id='word_1_379' title='bbox 172 2686 213 2719; x_wconf 85' lang='lat'><em>15</em></span> <span class='ocrx_word' id='word_1_380' title='bbox 237 2679 297 2729; x_wconf 74' lang='lat'>*⁷⁴11</span> <span class='ocrx_word' id='word_1_381' title='bbox 322 2680 395 2719; x_wconf 84' lang='grc' dir='ltr'><em>τὰσ</em></span> <span class='ocrx_word' id='word_1_382' title='bbox 418 2683 587 2718; x_wconf 82' lang='lat' dir='ltr'><strong>MWExc</strong></span> <span class='ocrx_word' id='word_1_383' title='bbox 685 2685 856 2726; x_wconf 84' lang='grc' dir='ltr'><em>καίνισις]</em></span> <span class='ocrx_word' id='word_1_384' title='bbox 882 2683 914 2718; x_wconf 90' lang='grc' dir='ltr'><strong>Ε</strong></span> <span class='ocrx_word' id='word_1_385' title='bbox 937 2683 1110 2726; x_wconf 83' lang='grc' dir='ltr'><em>κένωσισ,</em></span> <span class='ocrx_word' id='word_1_386' title='bbox 1130 2685 1155 2718; x_wconf 93' lang='lat' dir='ltr'><em>i.</em></span> <span class='ocrx_word' id='word_1_387' title='bbox 1180 2695 1291 2729; x_wconf 83' lang='lat' dir='ltr'>marg.</span> <span class='ocrx_word' id='word_1_388' title='bbox 1316 2697 1364 2730; x_wconf 86' lang='grc' dir='ltr'><em>γρ</em></span> <span class='ocrx_word' id='word_1_389' title='bbox 1387 2685 1570 2720; x_wconf 79' lang='grc' dir='ltr'><em>κοίνωσισ</em></span> <span class='ocrx_word' id='word_1_390' title='bbox 1595 2684 1627 2718; x_wconf 89' lang='grc' dir='ltr'><strong>Α</strong></span> <span class='ocrx_word' id='word_1_391' title='bbox 1651 2680 1833 2720; x_wconf 81' lang='grc' dir='ltr'><em>κενώσεισ</em></span> 
     </span>
     <span class='ocr_line' id='line_1_43' title="bbox 168 2736 1764 2786; baseline -0.001 -11"><span class='ocrx_word' id='word_1_392' title='bbox 168 2739 339 2775; x_wconf 85' lang='lat' dir='ltr'><strong>MWExc</strong></span> <span class='ocrx_word' id='word_1_393' title='bbox 363 2740 510 2775; x_wconf 80' lang='lat' dir='ltr'><em>nouitas</em></span> <span class='ocrx_word' id='word_1_394' title='bbox 534 2739 605 2775; x_wconf 83' lang='lat' dir='ltr'><em>Lat</em></span> <span class='ocrx_word' id='word_1_395' title='bbox 745 2742 784 2775; x_wconf 87' lang='lat'><em>16</em></span> <span class='ocrx_word' id='word_1_396' title='bbox 810 2736 1062 2786; x_wconf 79' lang='grc' dir='ltr'><em>*μεταβολὰσ</em></span> <span class='ocrx_word' id='word_1_397' title='bbox 1084 2740 1254 2775; x_wconf 84' lang='lat' dir='ltr'><strong>MWExc</strong></span> <span class='ocrx_word' id='word_1_398' title='bbox 1379 2737 1566 2785; x_wconf 80' lang='grc' dir='ltr'><em>*μεγάλας</em></span> <span class='ocrx_word' id='word_1_399' title='bbox 1590 2750 1658 2774; x_wconf 92' lang='lat' dir='ltr'><em>om.</em></span> <span class='ocrx_word' id='word_1_400' title='bbox 1684 2738 1764 2774; x_wconf 81' lang='lat' dir='ltr'><em>Exc</em></span> 
     </span>
     <span class='ocr_line' id='line_1_44' title="bbox 169 2792 1833 2843; baseline 0 -11"><span class='ocrx_word' id='word_1_401' title='bbox 169 2792 336 2843; x_wconf 77' lang='grc' dir='ltr'><em>*ῥοπὰς1</em></span> <span class='ocrx_word' id='word_1_402' title='bbox 358 2796 544 2843; x_wconf 81' lang='grc' dir='ltr'><em>χείρονασ</em></span> <span class='ocrx_word' id='word_1_403' title='bbox 567 2795 736 2830; x_wconf 84' lang='lat' dir='ltr'><strong>MWExc</strong></span> <span class='ocrx_word' id='word_1_404' title='bbox 828 2792 1071 2840; x_wconf 72' lang='grc' dir='ltr'><em>ἀπολομένου</em></span> <span class='ocrx_word' id='word_1_405' title='bbox 1087 2795 1154 2830; x_wconf 82' lang='grc' dir='ltr'><em>ΑΕ</em></span> <span class='ocrx_word' id='word_1_406' title='bbox 1250 2799 1288 2830; x_wconf 78' lang='lat'><em>17</em></span> <span class='ocrx_word' id='word_1_407' title='bbox 1316 2792 1428 2832; x_wconf 76' lang='grc' dir='ltr'><em>σάδδο</em></span> <span class='ocrx_word' id='word_1_408' title='bbox 1449 2808 1543 2831; x_wconf 85' lang='grc' dir='ltr'><em>-κοσ</em></span> <span class='ocrx_word' id='word_1_409' title='bbox 1563 2796 1597 2830; x_wconf 91' lang='grc' dir='ltr'><strong>Α</strong></span> <span class='ocrx_word' id='word_1_410' title='bbox 1621 2792 1833 2832; x_wconf 77' lang='grc' dir='ltr'><em>σάδδουκοσ</em></span> 
     </span>
     <span class='ocr_line' id='line_1_45' title="bbox 169 2847 1834 2899; baseline -0.001 -12"><span class='ocrx_word' id='word_1_411' title='bbox 169 2852 294 2887; x_wconf 83' lang='lat' dir='ltr'><em>MWE</em></span> <span class='ocrx_word' id='word_1_412' title='bbox 302 2852 383 2887; x_wconf 83' lang='lat' dir='ltr'><em>Exc</em></span> <span class='ocrx_word' id='word_1_413' title='bbox 397 2851 579 2887; x_wconf 81' lang='lat' dir='ltr'><em>saddocus</em></span> <span class='ocrx_word' id='word_1_414' title='bbox 594 2852 667 2888; x_wconf 83' lang='lat' dir='ltr'><em>Lat</em></span> <span class='ocrx_word' id='word_1_415' title='bbox 738 2854 777 2887; x_wconf 82' lang='lat'><em>18</em></span> <span class='ocrx_word' id='word_1_416' title='bbox 802 2849 1047 2899; x_wconf 78' lang='grc' dir='ltr'><em>*ἐγείροντεσ</em></span> <span class='ocrx_word' id='word_1_417' title='bbox 1063 2851 1142 2886; x_wconf 85' lang='lat' dir='ltr'><em>Exo</em></span> <span class='ocrx_word' id='word_1_418' title='bbox 1211 2847 1530 2898; x_wconf 76' lang='grc' dir='ltr'><em>*εὐπορηθέντεσ,</em></span> <span class='ocrx_word' id='word_1_419' title='bbox 1553 2864 1574 2887; x_wconf 86' lang='grc' dir='ltr'><em>υ</em></span> <span class='ocrx_word' id='word_1_420' title='bbox 1591 2862 1636 2886; x_wconf 84' lang='lat' dir='ltr'><em>ex</em></span> <span class='ocrx_word' id='word_1_421' title='bbox 1654 2864 1674 2887; x_wconf 92' lang='grc' dir='ltr'><em>ν</em></span> <span class='ocrx_word' id='word_1_422' title='bbox 1690 2861 1782 2887; x_wconf 86' lang='lat' dir='ltr'><strong>corr.</strong></span> <span class='ocrx_word' id='word_1_423' title='bbox 1801 2853 1834 2886; x_wconf 89' lang='lat' dir='ltr'>A</span> 
     </span>
     <span class='ocr_line' id='line_1_46' title="bbox 171 2903 1788 2956; baseline -0.001 -11"><span class='ocrx_word' id='word_1_424' title='bbox 171 2903 444 2956; x_wconf 78' lang='grc' dir='ltr'><em>εύποριθέντεσ</em></span> <span class='ocrx_word' id='word_1_425' title='bbox 467 2908 547 2944; x_wconf 86' lang='lat' dir='ltr'><em>Exc</em></span> <span class='ocrx_word' id='word_1_426' title='bbox 631 2911 671 2944; x_wconf 88' lang='grc'><em>19</em></span> <span class='ocrx_word' id='word_1_427' title='bbox 696 2905 859 2954; x_wconf 79' lang='grc' dir='ltr'><em>*παρὼν</em></span> <span class='ocrx_word' id='word_1_428' title='bbox 882 2908 931 2943; x_wconf 89' lang='lat' dir='ltr'>W</span> <span class='ocrx_word' id='word_1_429' title='bbox 1010 2909 1215 2944; x_wconf 83' lang='grc' dir='ltr'><em>*πολιτίαν</em></span> <span class='ocrx_word' id='word_1_430' title='bbox 1238 2907 1285 2942; x_wconf 91' lang='lat' dir='ltr'>W</span> <span class='ocrx_word' id='word_1_431' title='bbox 1356 2910 1396 2941; x_wconf 84' lang='lat'><em>21</em></span> <span class='ocrx_word' id='word_1_432' title='bbox 1423 2910 1595 2949; x_wconf 78' lang='grc' dir='ltr'><em>διελθεῖν]</em></span> <span class='ocrx_word' id='word_1_433' title='bbox 1619 2906 1681 2942; x_wconf 89' lang='lat' dir='ltr'><em>fin.</em></span> <span class='ocrx_word' id='word_1_434' title='bbox 1708 2907 1788 2943; x_wconf 85' lang='lat' dir='ltr'><em>Exc</em></span> 
     </span>
     <span class='ocr_line' id='line_1_47' title="bbox 172 2960 1830 3011; baseline -0.002 -11"><span class='ocrx_word' id='word_1_435' title='bbox 172 2961 295 3007; x_wconf 80' lang='grc' dir='ltr'><em>ἄλλως</em></span> <span class='ocrx_word' id='word_1_436' title='bbox 318 2984 362 2990; x_wconf 92' lang='lat'><em>-</em></span> <span class='ocrx_word' id='word_1_437' title='bbox 386 2967 428 3001; x_wconf 83' lang='lat'><em>23</em></span> <span class='ocrx_word' id='word_1_438' title='bbox 453 2964 627 3011; x_wconf 80' lang='grc' dir='ltr'><em>συνέτυχε</em></span> <span class='ocrx_word' id='word_1_439' title='bbox 653 2975 720 3001; x_wconf 90' lang='lat' dir='ltr'><em>om.</em></span> <span class='ocrx_word' id='word_1_440' title='bbox 746 2965 860 3000; x_wconf 86' lang='lat' dir='ltr'><strong>ELat</strong></span> <span class='ocrx_word' id='word_1_441' title='bbox 970 2966 1011 2999; x_wconf 83' lang='lat'><em>23</em></span> <span class='ocrx_word' id='word_1_442' title='bbox 1038 2963 1225 3009; x_wconf 80' lang='grc' dir='ltr'><em>συνέτυχε]</em></span> <span class='ocrx_word' id='word_1_443' title='bbox 1251 2970 1465 3010; x_wconf 80' lang='grc' dir='ltr'><em>συνευτυχεῖ</em></span> <span class='ocrx_word' id='word_1_444' title='bbox 1486 2964 1525 2999; x_wconf 90' lang='grc' dir='ltr'><strong>Μ</strong></span> <span class='ocrx_word' id='word_1_445' title='bbox 1549 2960 1760 3009; x_wconf 85' lang='grc' dir='ltr'><em>συνευτύχει</em></span> <span class='ocrx_word' id='word_1_446' title='bbox 1786 2963 1830 2997; x_wconf 90' lang='lat' dir='ltr'>W</span> 
     </span>
    </p>
   </div>
   <div class='ocr_carea' id='block_1_9' title="bbox 1860 1674 1909 1713">
    <p class='ocr_par' dir='ltr' id='par_1_11' title="bbox 1860 1674 1909 1713">
     <span class='ocr_line' id='line_1_48' title="bbox 1860 1674 1909 1713; baseline 0 0"><span class='ocrx_word' id='word_1_447' title='bbox 1860 1674 1909 1713; x_wconf 90' lang='lat'><em>10</em></span> 
     </span>
    </p>
   </div>
  </div>
 </body>
</html>
