2074 3392
143 326 224 365 154

110 585 115 588 “
143 597 224 636 155

143 867 223 908 156

141 1543 220 1584 158
259 1539 270 1552 ¹

143 1817 221 1856 159

255 210 308 247 98
688 208 851 253 ANTIQ.
876 208 974 244 ΠΗ).
999 209 1104 245 XVII
1130 212 1307 246 153—159
1331 211 1390 253 (vl.
1406 216 1435 243 2.
1452 213 1485 254 3)

252 326 367 377 βίοι.
428 325 580 380 φέρειν
608 321 690 378 γάρ
720 321 929 378 κούφισιν
960 321 1131 379 πολλὴν
1169 321 1219 366 τὸ
1261 322 1339 367 ἐπὶ
1368 324 1561 374 καλοῖς
1550 324 1692 379 έργοις
1723 318 1784 366 ὦν
1813 340 1923 382 μνη-

256 393 395 447 στῆρα
423 388 500 433 τὸν
530 389 731 433 κίνδυνον
763 386 878 432 εἶναι
907 390 1136 442 τελευτᾶν,
1177 392 1251 434 καὶ
1283 387 1375 446 άμα
1405 391 1521 434 υἱέσι
1551 393 1639 433 τῶν
1676 385 1820 433 αὐτῶν
1848 392 1921 434 καὶ

255 455 422 501 ὁπόσοι
459 459 538 500 τοῦ
578 459 806 514 συγγενοῦς
844 457 1186 500 καταλείποιντο
1226 455 1381 515 ἀνδρες
1418 467 1616 515 γυναῖκες
1658 459 1733 501 καὶ
1771 458 1923 502 τοῖσδε

254 527 554 582 περιποιῆσαι
584 521 747 581 ὄφελος
778 520 950 580 εὐκλείᾳ
979 526 1033 581 τῇ
1065 519 1147 566 ἀπ’
1185 520 1342 569 αὐτῶν,

371 596 409 636 3.
470 594 559 635 Καὶ
592 592 635 635 οἳ
664 591 744 646 μὲν
773 591 995 642 τοιούτοις
1025 591 1172 648 λόγοις
1207 591 1363 650 ἐξῆραν
1392 593 1495 645 τοὺς
1526 597 1663 644 νέους.
1724 588 1926 650 ἀφικνεῖ-

253 678 329 703 ται
360 660 407 703 δὲ
438 659 566 716 λόγος
598 659 661 710 εἷς
693 657 853 709 αὐτοὺς
881 658 1100 702 τεθνάναι
1131 660 1310 717 φράζων
1347 660 1425 704 τὸν
1460 662 1650 716 βασιλέα
1686 662 1762 704 καὶ
1799 663 1924 704 συνέ-

254 744 423 782 πραττε
461 737 556 778 τοῖς
587 735 838 784 σοφισταῖς.
897 727 971 768 καὶ
1010 729 1148 785 μέσης
1186 725 1352 785 ἡμέρας
1388 725 1654 780 ἀνελθόντες
1690 730 1926 771 κατέσπων

252 812 302 839 τε
330 797 405 839 καὶ
436 796 666 838 πελέκεσιν
706 793 922 848 ἐξέκοψαν
960 792 1037 837 τὸν
1079 790 1208 838 ἀετὸν
1239 797 1417 840 πολλῶν
1449 796 1493 840 ἐν
1523 799 1585 854 τιῦ
1618 797 1723 852 ἱερῷ
1753 795 1925 851 διατρι-

252 863 437 919 βόντων.
495 864 569 905 καὶ
600 859 622 905 ὅ
656 861 900 918 στρατηγὸς
928 864 1007 904 τοῦ
1035 863 1267 917 βασιλέως,
1300 859 1554 920 ἀγγέλλεται
1588 863 1669 920 γὰρ
1700 862 1725 922 ἡ
1758 862 1926 917 ἐπιχεί-

252 946 379 1010 ρησις
408 929 525 985 πρὸς
558 925 711 981 αὐτόν,
753 924 844 972 ἀπὸ
883 929 1084 983 μείζονος
1116 925 1364 982 διανοίας’
1347 948 1371 988 η
1406 930 1652 987 ἐπράσσετο
1684 929 1926 986 ὑπολαβών

254 995 398 1041 α’νεισι
435 1006 561 1051 χεῖρα
601 995 771 1052 πολλὴν
803 993 1039 1053 ἀγόμενος,
1081 995 1248 1042 ὁπόσοι
1279 994 1512 1049 ἀνθέξοιεν
1542 1002 1605 1056 τῶ
1635 999 1807 1056 πλήθει
1836 1000 1926 1041 τῶν

253 1068 543 1121 πειρωμένων
573 1068 810 1121 καθαιρεῖν
839 1064 890 1108 τὸ
924 1061 1165 1123 ἀνάθημα,
1197 1064 1428 1109 ἐπιπεσών
1458 1083 1505 1110 τε
1535 1066 1593 1125 μὴ
1624 1066 1927 1123 προσδεχομέ-

253 1150 357 1185 νοις,
391 1128 490 1175 ἀλλ’
527 1129 667 1176 ὁποῖα
698 1129 825 1186 ὄχλος
857 1134 982 1190 φιλεῖ
1001 1133 1104 1191 δόξῃ
1126 1135 1294 1188 μᾶλλον
1317 1127 1536 1191 άμαθεῖῆ
1564 1138 1756 1192 προνοίᾳ
1776 1130 1927 1192 ἀσφα-

253 1203 321 1244 λεῖ
357 1199 697 1256 τετολμηκότας,
739 1195 1030 1252 ἀσυντάκτοις
1067 1217 1115 1244 τε
1154 1203 1227 1244 καὶ
1265 1202 1402 1259 μηδὲν
1430 1205 1509 1245 τοῦ
1540 1198 1776 1260 ὀνήσοντος
1813 1219 1927 1258 προ-

256 1270 650 1326 ανεσκοπημένοις,
689 1270 778 1310 τιῦν
806 1284 855 1310 τε
885 1272 994 1312 νέων
1027 1265 1102 1312 οὐκ
1139 1268 1353 1320 ἐλάσσους
1385 1269 1714 1326 τεσσαράκοντα
1745 1265 1928 1326 ἀνδρῶν,

254 1338 298 1379 οἳ
327 1336 493 1389 θάρσει
525 1335 679 1389 ἔμενον
711 1334 898 1379 ἐπιόντα
930 1335 973 1387 ἐς
1003 1336 1144 1394 φτγὴν
1175 1339 1253 1380 τοῦ
1275 1339 1437 1380 λοιποῦ
1459 1337 1667 1394 πλήθους
1685 1336 1928 1380 καταστάν-

251 1404 340 1456 τος,
373 1402 591 1457 λαμβάνει
620 1405 694 1446 καὶ
723 1402 827 1454 τοὺς
858 1403 1092 1462 εἰσηγητὰς
1112 1407 1192 1448 τοῦ
1212 1405 1495 1463 τολμήματος
1509 1401 1678 1450 Ἰούδαν
1697 1407 1770 1448 καὶ
1793 1409 1928 1448 Ματ-

251 1474 364 1514 θίαν
396 1467 555 1521 ὂῖδοξον
586 1468 853 1529 ἡγουμένους
883 1469 1132 1527 ὑποχωρεῖν
1153 1472 1231 1530 τὴν
1254 1472 1418 1530 ἴέᾳοδον
1441 1472 1587 1526 αὐτοῦ,
1618 1474 1692 1516 καὶ
1715 1469 1928 1532 ἀνήγαγεν

253 1541 329 1582 επὶ
362 1537 440 1582 τὸν
469 1539 671 1593 βασιλέα.
733 1538 943 1593 ἐρομένου
975 1541 1023 1583 δὲ
1054 1539 1152 1584 ἐπεὶ
1187 1537 1400 1598 ἀφίκοντο
1433 1536 1508 1584 ἐπ’
1546 1537 1679 1584 αὐτὸν
1698 1543 1776 1585 τοῦ
1795 1545 1928 1597 βασι-

254 1609 376 1660 λέως,
409 1606 448 1650 εἰ
469 1607 738 1663 τολμήσειαν
761 1603 895 1650 αὐτοῦ
916 1607 965 1651 τὸ
991 1605 1206 1666 ἀνάθημα
1226 1610 1446 1662 καθελεῖν,
1479 1604 1622 1662 „aad
1652 1610 1725 1652 καὶ
1755 1607 1929 1667 πεφρό-

254 1678 382 1732 νηταί
411 1691 459 1730 γε
489 1672 594 1732 ἡμῖν
624 1673 680 1717 τὰ
713 1679 998 1733 φρονηθέντα
1028 1678 1102 1720 καὶ
1132 1680 1388 1732 πέπρακται
1418 1676 1474 1719 τὰ
1505 1679 1797 1733 πεπραγμένα
1825 1671 1923 1732 μετ’

256 1738 412 1799 ἀρετῆς
443 1738 633 1796 ἀνδράσι
663 1744 1064 1802 πρεπωδεστάτης·
1096 1747 1175 1788 τοῦ
1204 1762 1253 1788 τε
1282 1744 1364 1801 γὰρ
1395 1748 1526 1788 θείοι-
1556 1747 1610 1802 τῇ
1641 1741 1825 1796 ἀξιώσει
1852 1747 1928 1798 βε-

253 1810 480 1868 βοήθηται
500 1805 582 1867 ὑφ’
610 1807 731 1866 ἡμῶν
762 1813 833 1854 καὶ
865 1814 943 1854 τοῦ
976 1811 1112 1866 νόμου
1142 1810 1331 1869 ἠκρόατο
1362 1812 1411 1856 τὸ
1437 1815 1630 1870 σῶφρον,
1661 1807 1929 1867 θαυμαστόν

253 1895 300 1921 τε
332 1874 470 1931 οὐδέν,
505 1878 543 1920 εἰ
574 1880 662 1920 τῶν
694 1880 783 1921 σιῦν
816 1875 1046 1934 δογμάτων
1078 1875 1343 1935 ἀξιωτέρους
1366 1883 1641 1937 τετηρῆσθαι
1661 1877 1928 1938 ἡγησάμεθα

253 1946 428 2000 νόμους,
461 1945 536 1996 οὓς
566 1949 740 2003 ,Μωσῆς
770 1943 1066 2002 ὑπαγορεύσει
1096 1950 1169 1990 καὶ
1202 1949 1358 2005 διδαχῇ
1389 1950 1465 1990 τοῦ
1496 1950 1610 1991 θεοῦ
1642 1947 1929 2004 γραψάμενος

368 2070 387 2113 ς
414 2071 477 2104 155
502 2085 545 2097 =
571 2069 652 2104 beu.
679 2069 758 2103 Iud.
785 2069 801 2104 1
829 2072 907 2104 650.

366 2181 748 2216 PAMELatZonaras
773 2182 790 2216 Ι
814 2193 848 2226 p.
876 2185 952 2218 462.

372 2242 386 2272 1
415 2238 523 2283 φέρει
546 2237 575 2272 Ρ
696 2236 882 2285 κούφησιν
905 2238 934 2273 Ρ
1061 2232 1116 2274 ὦν
1139 2260 1183 2264 —
1209 2242 1228 2274 2
1253 2237 1359 2281 εἶναι]
1385 2251 1479 2285 quac
1504 2251 1576 2275 non
1601 2240 1675 2275 nisi
1695 2239 1930 2275 meditatione

251 2293 411 2339 periculi
433 2295 702 2340 conquiruntur
726 2295 797 2330 Lat
865 2292 1074 2342 μνηστήρια
1099 2295 1173 2330 ΑΜ
1267 2299 1285 2330 2
1312 2292 1388 2332 ὑέσι
1414 2296 1442 2330 Ρ
1525 2296 1614 2341 τῶν]
1639 2302 1722 2339 τοῖς
1745 2296 1802 2331 ed.
1826 2307 1882 2342 pr.

255 2352 274 2384 3
299 2352 581 2387 καταλείποντο
601 2351 652 2386 sic
677 2351 706 2385 P
778 2349 916 2399 ἅνδρεσ
934 2350 955 2398 ἢ
976 2358 1154 2398 γυναῖκεσ
1171 2352 1245 2386 AM
1316 2355 1334 2387 S
1352 2351 1553 2398 ἐξέκοψαν]
1578 2351 1715 2400 ἐξῆραν
1731 2352 1760 2387 Ρ
1776 2350 1928 2396 ἐξέκοπ-

254 2419 323 2442 τον
348 2407 380 2441 Ε
405 2410 441 2442 et
465 2407 549 2442 bell.
574 2407 653 2442 Iud.
730 2410 768 2441 10
794 2406 856 2454 *ἦῚ
882 2402 903 2455 ἧ
929 2409 1002 2444 ΑΜ
1087 2412 1122 2443 11
1152 2406 1311 2450 *ἀι-εισι]
1338 2404 1446 2446 ἀνεισ
1470 2409 1498 2444 P
1580 2406 1826 2456 ἐπαγόμενοσ
1849 2409 1883 2445 Ε

252 2458 446 2505 ἀνθέξειεν
468 2464 508 2498 Μ
582 2467 621 2498 12
647 2464 885 2511 πειρομέι·ων
908 2465 937 2500 Ρ
1011 2469 1049 2501 13
1076 2461 1229 2511 ἀσφαλῆ
1254 2465 1281 2499 Ρ
1366 2469 1407 2501 14
1432 2463 1725 2512 τετολμηκότας]
1750 2468 1930 2513 τετολμη-

251 2516 338 2554 κόσι
365 2519 421 2553 ed.
446 2531 502 2565 pr.
529 2529 754 2566 conqreqam
779 2522 912 2563 (turha)
938 2522 1010 2557 Lat
1136 2517 1393 2559 *ὀνείοαντοσ
1416 2522 1445 2557 Ρ
1576 2525 1616 2557 16
1642 2519 1780 2569 θράσει
1804 2522 1838 2557 Ε

252 2574 309 2610 εἰσ
334 2575 442 2610 ΑΜΕ
549 2580 588 2612 1ἶ
617 2578 837 2621 *ματθαῖον
861 2578 889 2612 P
994 2580 1033 2612 13
1059 2574 1252 2624 ἀνήγαγον
1277 2578 1309 2613 Ε
1406 2582 1447 2614 19
1471 2579 1544 2620 ἐπὶ]
1570 2578 1627 2614 εἰσ
1650 2578 1690 2613 Μ
1784 2581 1826 2613 20
1850 2578 1927 2623 *le

253 2642 318 2666 cur
342 2631 414 2666 Lat
438 2633 476 2668 τί
500 2633 646 2669 Bekker
747 2632 1049 2681 *πεφρόντισται
1067 2635 1191 2670 Naber
1284 2637 1324 2670 21
1351 2632 1426 2672 *τὰ
1453 2634 1734 2682 φροντισθέντα
1760 2634 1884 2670 Naber

253 2683 348 2731 μετὰ
374 2687 406 2721 Ε
480 2692 521 2723 22
546 2686 698 2733 ἀξιώσει
722 2689 973 2738 βεβοήθηται]
999 2687 1148 2734 ἀξιώσει
1175 2692 1452 2736 πεπιστευμένα
1469 2688 1704 2739 βεβοήθηται
1731 2691 1813 2730 (litt.
1832 2704 1864 2728 ει
1885 2711 1929 2717 -

254 2741 491 2790 βεβοήθηται
509 2746 532 2780 i.
551 2758 623 2782 ras.
642 2749 831 2792 angustius
849 2748 987 2792 scripta
1003 2759 1048 2784 m.
1069 2750 1087 2782 2
1108 2749 1153 2791 A,
1170 2751 1215 2794 βε
1236 2759 1262 2783 s.
1282 2748 1334 2785 M)
1351 2749 1425 2784 AM
1495 2751 1537 2783 23
1557 2744 1738 2794 ἠκρόατο]
1757 2744 1926 2795 ηκροάτο

254 2799 282 2834 Ρ
301 2795 488 2844 ἠκρόαται
515 2804 608 2838 coni.
679 2800 850 2850 ἠκρόατο
870 2801 914 2839 τὸ
935 2806 1105 2850 σῶφρον]
1132 2807 1189 2851 τῆι
1209 2800 1393 2851 ἀκροάσει
1414 2805 1742 2851 πεαροντίσμεθα,
1765 2803 1790 2838 i.
1815 2814 1926 2849 marg.

253 2870 301 2903 γρ
326 2859 634 2903 πεφροντισμένα
659 2861 692 2895 A
717 2862 760 2906 τῆ
785 2857 970 2907 ἀκροάσει
995 2861 1302 2908 πεφροντισμὲνα
1326 2861 1366 2896 Μ
1448 2864 1489 2896 24
1514 2864 1566 2903 τε]
1591 2861 1629 2897 δὲ
1655 2859 1688 2894 Ε
1780 2861 1928 2908 *τηρεῖ-

255 2916 345 2949 σθαι
371 2912 517 2949 Bekker
610 2912 780 2963 ἧγήμεθα
806 2917 915 2952 AME
1021 2920 1062 2952 25
1092 2914 1182 2954 τοὺσ
1206 2916 1351 2963 νόμονσ
1377 2917 1409 2952 Ε
1499 2919 1656 2963 μωῦσῆσ
1680 2915 1862 2953 AMELat

254 2965 531 3015 *{·7z7J)'0().‘1'*tm
556 2971 583 3005 P
676 2973 843 3019 *διδαχει
867 2973 895 3007 Ρ
