2051 3397
519 185 682 230 ANTIQ.
705 185 800 222 1111).
826 184 930 221 XVII
954 189 1133 221 343—348
1156 188 1242 226 (xm.
1258 192 1285 219 2.
1302 191 1333 227 a)
1679 188 1755 226 135

99 296 205 358 ὀργῇ
237 304 384 358 φέρων
412 298 489 342 τὸν
519 298 766 354 ἐπίτροπον
805 299 882 340 τὸν
906 294 1143 353 Ἀρχελάου
1182 302 1270 341 τῶν
1308 299 1352 341 ἔν
1378 296 1513 356 Ῥώμῃ
1555 301 1759 356 πραγμά-

97 385 198 420 των,
226 364 460 422 Ἀρχέλαος
491 366 538 409 δὲ
568 367 637 408 καὶ
671 366 813 421 τούτῳ
852 363 993 420 ὄνομα
1026 358 1093 424 ἦν,
1133 368 1433 421 μετακαλέσας
1461 367 1648 424 γράφειν
1678 369 1757 423 μὲν

97 431 318 492 Ἀρχελάῳ
337 431 551 476 ταπεινὸν
571 430 754 488 ἡγεῖται,
786 433 867 485 ,,σὺ
891 434 935 476 δὲ
959 437 1240 491 παραχρῆμα,
1273 438 1421 492 φησίν,
1455 436 1601 478 πλέων
1623 437 1758 494 μηδὲν

100 503 163 554 εἷς
193 498 413 556 ἀναβολὰς
443 500 736 556 ἐπαναγαγεῖν
776 498 908 544 αι’·τὸν
948 502 1062 557 πρὸς
1096 499 1251 558 ἡμᾶς.“
1310 503 1382 544 καὶ
1414 501 1463 552 ὃς
1494 502 1681 546 ἔκπλουν
1713 503 1758 547 ἐκ
1788 506 1869 546 344

49 579 71 614 5
95 572 174 616 τοῦ
203 566 326 621 ὀξέος
355 567 657 625 ποιησάμενος
693 571 765 612 καὶ
806 565 1074 626 ἀφικόμενος
1105 569 1168 619 εἰς
1193 566 1407 612 Ἰουδαίαν
1438 570 1651 624 λαμβάνει
1681 571 1759 615 τὸν

92 634 328 695 Ἀρχέλαον
360 635 404 679 ἐν
433 633 638 690 εὐωχίαις
667 633 772 678 ὄντα
802 635 912 690 μετὰ
942 639 1030 679 τῶν
1061 638 1216 694 φίλων,
1247 635 1325 692 τήν
1349 652 1397 678 τε
1419 637 1619 680 διάνοιαν
1642 634 1759 682 ἀψο-

98 710 300 764 σημαίνει
330 703 408 761 τὴν
439 707 667 759 Καίσαρος
705 706 776 747 καὶ
809 704 1010 761 ὥρμησεν
1042 701 1174 747 αὑτὸν
1206 703 1268 754 εἰς
1296 703 1375 762 τὴν
1407 704 1570 754 ἔξοδον.
1629 709 1700 748 καὶ
1734 704 1756 749 ὃ

95 778 272 827 Καῖσαρ
305 767 574 829 ἀφικομένου
613 771 690 814 ἐπί
725 789 856 814 τινων
891 772 1142 829 κατηγόρων
1174 768 1388 827 ἀκροᾶται
1419 774 1492 815 καὶ
1525 769 1658 816 αὑτοῦ
1689 775 1757 815 λε’-

95 856 248 899 γοντος
287 838 450 882 ἐκεῖνον
480 839 559 894 μὲν
590 839 766 896 φυγάδα
805 839 973 883 ἐλαύνει
1006 839 1108 890 δοὺς
1138 839 1387 896 οἰκητήριον
1419 835 1538 896 αὐτῷ
1576 845 1760 884 Βίενναν

33 914 72 953 1⁰
96 907 228 953 πόλιν
258 909 336 964 τῆς
368 907 601 957 Γαλατίας,
632 906 687 949 τὰ
720 907 766 950 δὲ·
793 908 996 964 χρήματα
1027 904 1315 964 ἀπηνέγκατο.

209 979 247 1019 3.
307 974 535 1030 Πρότερον
567 975 613 1018 δὲ
647 969 669 1032 ι’]
690 977 873 1032 κληθεὶς
894 974 970 1018 ἐπὶ
987 974 1150 1033 Ῥώμης
1172 972 1378 1018 ἀνελθεῖν
1396 971 1631 1030 Ἀρχέλαος
1652 973 1760 1033 ὅναρ
1792 980 1872 1019 345

94 1042 268 1087 τοιόνδε
308 1041 572 1099 ἐκδιηγεῖται
609 1052 704 1094 τοῖς
743 1044 894 1100 φίλοις
932 1043 1236 1098 θεασάμενος·
1285 1038 1504 1097 ἀστάχυας
1545 1044 1647 1086 δέκα
1684 1043 1762 1087 τὸν

97 1106 294 1168 ἀριθμὸν
324 1111 488 1161 πλέους
517 1113 661 1166 πυροῦ
690 1109 768 1168 τὴν
800 1110 918 1154 ἰδίαν
940 1107 1080 1167 ἀκμὴν
1103 1107 1412 1168 ἀπειληφότας
1441 1110 1549 1162 δόξα
1573 1102 1621 1169 ἦν
1644 1108 1763 1167 αὐτῷ

95 1181 476 1235 βιβρωσκομένους
506 1175 593 1221 ὑπὸ
632 1180 750 1233 βοῶν
780 1181 984 1234 θεωρεῖν.
1043 1180 1115 1222 καὶ
1147 1178 1488 1234 περιεγρόμενος
1518 1182 1669 1236 φέρειν
1700 1179 1763 1229 εἰς

32 1253 70 1291 1⁸
95 1250 207 1304 μέγα
235 1245 368 1297 δόξαν
398 1245 475 1303 τὴν
506 1242 617 1301 ὄψιν
649 1241 765 1302 αὐτῷ
796 1247 1138 1300 μεταστέλλεται
1174 1245 1277 1297 τοὺς
1314 1246 1514 1301 μάντεις,
1553 1245 1620 1297 οἷς
1657 1249 1761 1301 περὶ

96 1310 334 1371 ὀνειράτων
364 1304 476 1372 ἦσαν
507 1314 554 1356 αἱ
586 1309 879 1371 ἀναστροφαί.
939 1315 1237 1369 σκιδναμένων
1276 1314 1323 1357 δὲ
1361 1313 1520 1370 ἑτέρων
1560 1310 1634 1371 ἐφ’
1670 1313 1762 1356 ἑτέ-
1792 1317 1872 1357 346

97 1398 213 1439 ροις,
254 1377 304 1425 οὗ
341 1380 424 1437 γὰρ
464 1381 528 1432 εἷς
567 1380 642 1425 ἕνα
681 1381 820 1425 ἔκειτο
862 1384 1002 1425 πᾶσιν
1039 1379 1280 1440 ἀφήγησις,
1320 1386 1470 1436 Σίμων
1501 1377 1609 1438 ἀνὴρ
1639 1385 1762 1437 γένος

91 1445 292 1499 Ἐσσαῖος
322 1444 572 1506 ἀσφάλειαν
595 1448 898 1506 αἰτησάμενος,
928 1449 1176 1507 μεταβολὴν
1204 1446 1477 1506 πραγμάτων
1498 1449 1640 1506 ἔλεγεν
1657 1445 1761 1504 Ἀρ-

95 1516 238 1573 χελάῳ
269 1520 421 1575 φέρειν
451 1515 529 1573 τὴν
559 1513 670 1571 ὄψιν
701 1513 776 1560 οὐκ
807 1514 883 1560 ἐπ’
919 1514 1110 1574 ἀγαθοῖς
1140 1517 1417 1574 πράγμασιν·
1447 1517 1558 1572 βόας
1578 1517 1658 1572 μὲν
1678 1516 1760 1572 γὰρ
1791 1519 1873 1560 347

31 1591 71 1628 2)
96 1588 407 1635 κακοπαθείας
435 1601 484 1627 τε
515 1580 771 1642 ἀποσαφεῖν
803 1585 877 1628 διὰ
907 1585 957 1629 τὸ
990 1585 1133 1642 ἔργοις
1163 1586 1544 1640 ἐπιταλαιπωρεῖν
1564 1584 1613 1628 τὸ
1639 1584 1761 1640 ζῴον,

98 1651 346 1709 μεταβολὰς
384 1652 432 1695 δὲ
472 1643 525 1695 αὖ
565 1653 837 1708 πραγμάτων
877 1652 952 1696 διὰ
991 1652 1041 1696 τὸ
1081 1652 1160 1709 τὴν
1198 1656 1277 1710 γῆν
1321 1653 1447 1710 πόνῳ
1485 1656 1548 1709 τῷ
1588 1652 1763 1696 ἐκείνων

99 1716 339 1779 ἀρουμένην
378 1719 422 1763 ἐν
460 1715 608 1776 ταύτῷ
646 1723 793 1774 μένειν
825 1716 875 1764 οὗ
908 1720 1152 1764 δύνασθαι·
1189 1720 1292 1771 τοὺς
1333 1720 1379 1763 δὲ
1410 1717 1630 1774 ἀστάχυας
1660 1721 1763 1762 δέκα

97 1785 229 1839 ὄντας
256 1788 453 1832 τοσῶνδε
485 1783 683 1843 ἀριθμὸν
715 1786 926 1831 ἐνιαυτῶν
957 1786 1140 1844 ὁρίζειν,
1171 1788 1369 1845 περιόδῳ
1389 1788 1472 1844 γὰρ
1494 1787 1590 1838 ἑνὸς
1615 1805 1763 1841 παρα-

95 1859 303 1913 γίνεσθαι
332 1859 489 1912 θέρος,
529 1857 603 1898 καὶ
637 1855 714 1899 τὸν
750 1856 908 1910 χρόνον
947 1855 1112 1912 ἐξήκειν
1137 1853 1363 1913 Ἀρχελάῳ
1400 1859 1478 1912 τῆς
1512 1853 1761 1912 ἡγεμονίας.

217 1921 231 1937 t

34 1931 72 1966 2⁵
96 1925 169 1968 καὶ
209 1941 231 1967 ο
271 1924 351 1979 μὲν
386 1923 522 1980 ταύτῃ
563 1922 803 1981 ἐξηγήσατο
833 1923 910 1967 τὸν
941 1920 1125 1979 ὄνειρον.
1186 1927 1368 1980 πέμπτῃ
1403 1924 1450 1966 δὲ
1479 1921 1620 1980 ἡμέρᾳ
1649 1917 1757 1977 μεθ’
1795 1926 1874 1967 348

211 2059 231 2100 ξ
258 2060 323 2092 344
347 2074 390 2085 =
414 2057 496 2092 bell.
521 2057 600 2092 Iud.
626 2058 662 2092 II
689 2061 764 2092 111.

213 2179 638 2217 PAMWELatZonaras
661 2182 679 2216 I
702 2193 736 2226 p.
764 2185 839 2217 472.

216 2239 230 2270 1
259 2233 329 2272 τὸν
345 2238 442 2276 (ante
469 2232 679 2283 Ἀρχελάου)
697 2248 763 2272 om.
780 2237 862 2273 ΨΕ
933 2232 1212 2286 *πραγμάτων]
1231 2238 1467 2284 γραμμάτων
1482 2237 1511 2272 Ρ
1583 2240 1602 2272 2
1620 2239 1762 2273 *τοῦτο

101 2291 205 2327 A²W
274 2295 296 2326 4
319 2289 522 2338 ἐπανάγειν
538 2293 659 2328 ΑΜΨ
683 2292 886 2340 ἐπανάγων
903 2294 936 2329 Ε
1007 2298 1026 2330 5
1051 2290 1195 2338 *ὀξέωσ
1212 2294 1386 2329 PA¹MW
1419 2327 1423 2332 .
1478 2291 1763 2340 καταλαμβάνει

102 2349 135 2384 Ε
205 2350 224 2382 6
242 2343 403 2394 *εὐωχία
420 2349 508 2383 ΜΨ
577 2353 630 2391 τε]
648 2350 686 2386 δὲ
703 2350 735 2384 Ε
805 2353 823 2384 7
850 2346 918 2397 τὴν
933 2353 1030 2392 (ante
1045 2352 1181 2393 Καίσ.)]
1198 2353 1267 2387 τοῦ
1284 2351 1317 2385 Ε
1387 2353 1406 2385 8
1423 2350 1488 2386 sed
1502 2350 1565 2385 ubi
1579 2361 1617 2385 se
1628 2360 1765 2396 parum

100 2408 289 2451 expurqat
312 2403 504 2459 ‹grclaeelaus
517 2408 612 2440 -ante
634 2404 782 2442 ἐκεῖνον
805 2407 887 2443 add.
912 2407 985 2443 Lat
1061 2410 1081 2442 9
1107 2406 1296 2449 *ἐκεῖνον]
1322 2409 1386 2444 καὶ
1409 2405 1557 2444 ἐκεῖνον
1580 2408 1638 2442 ed.
1662 2417 1718 2452 pr.

283 2462 351 2485 OUP

101 2495 212 2540 *μὲν]
236 2494 306 2539 μὲν
329 2496 362 2529 Α
481 2497 518 2529 10
544 2496 636 2541 *τῆς
658 2498 859 2542 γαλιλαίασ
882 2497 971 2532 ΜΨ
1081 2500 1121 2532 12
1146 2495 1345 2543 *ἄσταχυσ
1367 2497 1408 2532 Μ
1433 2493 1603 2543 άστάχυσ
1627 2497 1675 2532 W

102 2554 143 2587 13
168 2547 448 2597 *ἀπειληφότος
464 2551 557 2586 coni.
629 2547 746 2589 αὑτοῦ
761 2553 794 2587 Ε
889 2557 931 2588 14
953 2555 1017 2589 καὶ
1037 2573 1076 2578 ——
1099 2558 1138 2588 15
1157 2549 1270 2601 αὐτῷ]
1293 2553 1358 2588 secl
1381 2553 1448 2588 hoc
1471 2553 1600 2588 uidens
1622 2553 1766 2598 maqnis

96 2607 268 2654 fluctibus
289 2607 369 2642 eius
392 2608 534 2642 animus
555 2608 788 2654 fatiqabatur
804 2609 877 2644 Lat
967 2610 1300 2657 περιεγειρομένου
1316 2609 1405 2644 ΜΨ
1430 2606 1767 2655 περιεγειρόμενοσ

101 2663 135 2699 Ε
227 2662 367 2710 φέρειν]
392 2663 522 2710 φέρειν
545 2661 619 2711 γὰρ
643 2665 700 2700 ed.
718 2675 772 2709 pr.
865 2665 994 2712 φέρειν
1016 2686 1060 2691 —
1090 2670 1128 2701 15
1153 2664 1278 2709 δόξαν]
1303 2666 1432 2712 φέρειν
1456 2665 1496 2701 δὲ
1519 2659 1564 2710 ἦν
1588 2664 1646 2700 εἰσ
1668 2663 1766 2710 μέγα

102 2716 215 2766 δόξησ
236 2718 270 2754 Ε
377 2723 417 2754 15
442 2717 567 2763 δόξαν]
593 2723 754 2768 δοξασην
777 2721 804 2756 Ρ
829 2718 919 2764 δόξα
942 2715 988 2767 ἧν
1011 2721 1100 2756 ΜΨ
1216 2718 1284 2765 οἷς]
1312 2718 1369 2763 οἷς
1393 2734 1435 2758 τε
1459 2721 1550 2756 coni.
1666 2722 1765 2767 περὶ]

102 2777 166 2811 καὶ
190 2777 277 2822 περὶ
301 2775 334 2809 Ε
427 2771 608 2824 ὀνείρατα
632 2777 665 2812 Ε
690 2777 773 2812 fort·
797 2780 897 2812 recte
991 2779 1029 2812 17
1056 2774 1096 2812 ἓν
1120 2774 1292 2813 ἀνέκειτο
1318 2779 1411 2813 coni.
1508 2779 1549 2811 18
1575 2771 1766 2822 οἷσῳάλιαν

102 2830 133 2866 P
227 2833 267 2866 19
292 2829 541 2879 *πράγμασιν
563 2833 690 2869 melius
716 2834 819 2869 abest
889 2836 931 2868 20
956 2834 1234 2869 *κακοπαθίασ
1257 2833 1294 2880 Ρ,
1356 2836 1397 2868 23
1423 2829 1610 2869 *τοσόνδε
1631 2832 1721 2867 ΜΨ

217 2887 553 2935 *παραγίγνεσθαι
569 2890 618 2925 W
685 2887 903 2936 *περιόδων
928 2889 955 2924 Ρ
1048 2891 1091 2923 24
1116 2889 1287 2936 *θέρουσ
1303 2889 1391 2924 ΜΨ
1483 2891 1590 2925 *τῶν
1612 2885 1767 2935 χρόνων

105 2941 193 2980 ΜΨ
285 2946 514 2989 ηγεμονείασ
537 2946 565 2980 Ρ
660 2949 703 2982 25
728 2949 846 2982 ταῦτα
871 2946 920 2980 Ψ
