2074 3392
154 569 208 609 23

155 972 260 1016 24ε

153 1250 207 1290 25

154 1521 206 1560 26

241 184 324 222 144
663 182 826 228 ANTIQ.
851 183 949 220 IUD.
973 183 1096 220 xvm
1121 188 1253 220 22—27
1279 187 1313 227 (1.
1329 192 1356 216 5.
1373 188 1438 217 ιιι.
1457 190 1486 227 ι)

240 296 476 353 προσόδιον
514 299 866 352 χειροτονοῦντες
901 298 975 340 καὶ
1013 294 1164 340 ὁπόσα
1202 295 1226 356 ἡ
1258 299 1312 355 γῆ
1342 301 1473 354 φέροι
1505 295 1666 354 ἄνδρας
1697 294 1909 354 ἀγαθούς,

241 365 373 421 ἱερεῖς
404 364 451 407 δὲ
482 363 558 407 ἐπὶ
590 365 771 422 ποιήσει
804 369 928 407 σίτου
957 380 1006 407 τε
1034 367 1106 408 καὶ
1127 366 1389 420 βρωμάτων.
1449 366 1555 418 ζῶσι
1587 365 1635 408 δὲ
1665 361 1792 410 οὐδὲν
1822 383 1910 409 πα-

239 433 568 489 ρηλλαγμένως,
607 427 706 474 ἀλλ’
742 430 812 475 ὅτι
842 431 1038 486 μάλιστα
1069 432 1334 490 ἐμφέροντες
1362 436 1523 476 Δακῶν
1553 442 1648 484 τοῖς
1678 435 1910 485 πλείστοις

239 500 502 555 λεγομένοις.

353 570 392 610 6.
459 569 523 624 Τῇ
555 568 602 611 δὲ
631 567 815 624 τετάρτῃ
847 569 935 610 τῶν
971 568 1254 626 φιλοσοφιῶν
1295 566 1316 612 ὃ
1352 571 1592 620 Γαλιλαῖος
1615 564 1782 618 Ἰούδας
1811 568 1911 625 ἡγε-

239 633 334 688 μῶν
364 638 572 692 κατέστη,
608 634 663 678 τὰ
693 636 774 690 μὲν
806 634 944 679 λοιπὰ
975 634 1126 678 πάντα
1155 635 1303 693 γνώμῃ
1333 639 1421 680 τῶν
1455 641 1717 691 Φαρισαίων
1748 633 1910 691 ὁμολο-

237 701 397 758 γούσῃ,
436 703 691 761 δυσνίκητος
722 704 769 746 δὲ
798 706 877 746 τοῦ
908 702 1144 760 ἐλευθέρου
1175 703 1284 759 ἔρως
1315 703 1434 748 ἐστὶν
1465 700 1616 756 αὐτοῖς
1645 705 1783 759 μόνον
1811 701 1912 761 ἡγε-

238 769 354 824 μόνα
384 772 457 813 καὶ
490 770 711 829 δεσπότην
740 771 818 815 τὸν
847 770 960 814 θεὸν
980 768 1296 828 ὑπειληφόσιν.
1354 772 1565 815 θανάτων
1585 789 1633 815 τε
1656 771 1778 823 ἰδέας
1797 769 1912 815 ὓπο-

238 840 385 891 μένειν
425 840 793 896 παρηλλαγμένας
832 838 876 882 ἐν
916 834 1051 895 ὀλίγῳ
1089 842 1295 882 τίθενται
1332 841 1407 882 καὶ
1446 842 1662 896 συγγενῶν
1692 844 1912 896 τιμωρίας

237 907 311 949 καὶ
351 907 494 962 φίλων
532 903 645 963 ὑπὲρ
685 909 763 949 τοῦ
800 906 968 964 μηδένα
1010 904 1256 963 ἄνθρωπον
1296 907 1640 963 προσαγορεύειν
1673 907 1910 965 δεσπότην.

241 973 484 1029 εωρακόσιν
516 974 563 1017 δὲ
593 983 688 1025 τοῖς
718 975 905 1025 πολλοῖς
934 974 984 1018 τὸ
1019 971 1348 1029 ἀμετάλλακτον
1381 970 1524 1018 αὐτῶν
1553 978 1631 1032 τῆς
1662 975 1737 1019 ἐπὶ
1762 974 1910 1019 τοιού-

238 1057 333 1092 τοις
363 1039 656 1092 ὑποστάσεως
694 1046 946 1098 περαιτέρω
987 1043 1185 1086 διελθεῖν
1225 1043 1498 1096 παρέλιπον·
1539 1039 1589 1086 οὗ
1619 1042 1701 1099 γὰρ
1733 1043 1911 1086 δέδοικα

238 1108 296 1165 μὴ
331 1108 394 1159 εἷς
424 1105 640 1153 ἀπιστίαν
670 1107 920 1168 ὑποληφθῇ
951 1127 995 1154 τι
1024 1113 1112 1153 τῶν
1144 1111 1388 1166 λεγομένων
1423 1106 1498 1153 ἐπ’
1535 1106 1696 1163 αὐτοῖς,
1727 1105 1911 1153 τούναν-

237 1181 334 1219 τίον
366 1177 413 1220 δὲ
443 1177 501 1235 μὴ
535 1177 786 1229 ἐλασσόνως
815 1181 893 1221 τοῦ
925 1178 1100 1222 ἐκείνων
1138 1179 1535 1237 καταφρονήματος
1571 1179 1802 1234 δεχομένου
1833 1177 1912 1235 τὴν

237 1245 548 1301 ταλαιπωρίαν
579 1248 656 1302 τῆς
688 1242 927 1326 ἀλγηδόνος
958 1264 979 1289 ο
1015 1246 1143 1302 λόγος
1175 1243 1413 1305 ἀφηγῆται.
1475 1242 1605 1303 ἀνοίᾳ
1626 1263 1674 1289 τε
1693 1248 1745 1303 τῇ
1768 1245 1912 1289 εντεῦ-

237 1315 321 1354 θεν
351 1308 514 1367 η’ρξατο
555 1323 700 1357 νοσεῖν
737 1313 787 1357 τὸ
821 1314 954 1365 ε’θνος
986 1319 1173 1358 Γεσσίου
1209 1314 1417 1370 Φλώροι,
1459 1331 1509 1365 ος
1543 1312 1715 1371 ἡγεμων
1745 1313 1819 1371 ἠν,
1858 1329 1911 1371 τῃ

239 1377 418 1436 ἐξουσία
456 1383 535 1423 τοῦ
571 1378 763 1438 ὑβρίζειν
804 1377 1140 1438 ἀπονοήσαντος
1179 1377 1336 1432 αιτοὶς
1382 1378 1634 1440 ἀποστῆναι
1673 1380 1912 1437 Ῥωμαίων.

238 1448 312 1490 καὶ
344 1448 665 1506 φιλοσοφεῖται
694 1449 774 1504 μὲν
798 1446 1031 1501 Ἰουδαίοις
1059 1450 1234 1493 τοσάδε.

350 1516 406 1559 II.
441 1521 478 1559 1.
538 1522 747 1572 Κυρίνιος
778 1519 825 1562 δὲ
855 1518 910 1562 τὰ
935 1515 1176 1574 Αρχελάου
1203 1518 1405 1576 χρήματα
1427 1514 1707 1573 ἀποδόμενος
1726 1515 1808 1576 ἤδη
1840 1519 1914 1561 καὶ

237 1585 325 1626 τῶν
348 1578 664 1642 ἀποτιμήσεων
686 1603 828 1642 περας
850 1586 1054 1641 ἐχουσῶν,
1088 1605 1133 1629 αι
1157 1585 1354 1642 εγένοντο
1374 1589 1624 1643 τριακοστῶ
1644 1587 1718 1629 καὶ
1737 1585 1914 1642 εβδόμω

239 1650 327 1695 ε’τει
356 1651 468 1706 μετὰ
498 1652 577 1710 τὴν
601 1649 844 1697 Ἀντωνίου
875 1672 920 1698 εν
944 1650 1108 1711 Ἀκτίω
1139 1658 1273 1710 ἡτταν
1303 1652 1391 1697 υπὸ
1414 1658 1656 1710 Καίσαρος
1682 1649 1914 1709 Ἰωάζαρον

238 1718 315 1761 τὸν
348 1716 551 1776 ἀρχιερέα
581 1726 1031 1766 καταστασιασθέντα
1069 1720 1158 1766 ὑπὸ
1200 1725 1277 1780 τῆς
1314 1722 1520 1780 πληθύος
1557 1717 1832 1779 ἀφελόμενος
1860 1719 1911 1764 τὸ

241 1782 416 1841 ἀξίωμα
451 1791 529 1845 τῆς
565 1791 696 1892 τιιιῆς
725 1786 908 1834 Ἄνανον
946 1790 1023 1833 τὸν
1059 1794 1173 1834 Σεθὶ
1204 1794 1475 1834 καθίσταται
1507 1785 1723 1846 ἀρχιερέα.
1778 1786 1914 1845 Ἡρώ-

355 1938 372 1961 “
400 1938 442 1970 23
469 1952 511 1963 =
537 1934 861 1970 cf.be11.1ud.11
889 1938 949 1970 151
966 1946 1040 1980 sqq.

352 2047 582 2083 AMWELat
594 2048 757 2083 Zonaras
782 2048 798 2083 1
823 2060 860 2094 p.
887 2051 964 2082 4715.

356 2108 371 2140 1
399 2102 541 2150 α’νδρας
564 2125 608 2130 -
635 2108 655 2138 4
680 2102 898 2151 λεγομένω
886 2107 912 2146 ]
937 2105 1145 2140 saca-dotes
1170 2110 1287 2138 autem
1320 2103 1477 2149 optimos
1502 2104 1600 2137 uiros
1624 2102 1780 2148 eliquat,
1812 2103 1912 2138 cibus

239 2161 312 2195 illis
334 2161 493 2207 simplex
517 2165 580 2203 est,
604 2160 749 2197 habitus
772 2162 1045 2207 insumptuosus
1069 2167 1103 2196 ec
1128 2159 1281 2194 mundus
1306 2159 1377 2195 Lat
1478 2163 1497 2196 2
1523 2160 1560 2195 δὲ
1584 2158 1658 2201 ἐπὶ]
1684 2158 1717 2194 Ε
1742 2155 1799 2195 διὰ
1826 2158 1913 2194 MW

240 2231 281 2253 τε
306 2214 363 2254 διὰ
389 2219 423 2252 A
491 2217 560 2253 litt.
587 2230 628 2254 τε
653 2215 709 2254 διὰ
729 2231 756 2254 π
780 2218 803 2252 i.
830 2228 900 2254 ras.
926 2218 1114 2262 angustius
1131 2229 1176 2252 m.
1199 2220 1218 2251 2
1235 2218 1269 2251 A
1337 2214 1498 2263 ποιήσει]
1525 2215 1557 2250 Ε
1583 2216 1737 2261 ποίησιν
1761 2215 1866 2251 codd.

240 2274 308 2310 *τε
333 2284 477 2309 erasum
494 2275 527 2309 A
620 2276 929 2322 προχειρίζοντιιι
947 2277 1031 2320 post
1053 2270 1272 2339 βρωμάτων
1291 2272 1372 2309 add
1390 2272 1422 2306 E
1517 2268 1850 2319 *παρηλαγμὲνωσ
1867 2271 1913 2306 W

355 2334 374 2365 3
399 2328 645 2398 ἐμφέροντες]
672 2330 852 2377 ἐμφερῶσ
882 2332 912 2366 Ε
940 2331 1117 2378 ἐμφερεῖς
1152 2329 1260 2372 ὄντες
1288 2329 1435 2364 Bekker
1550 2331 1722 2370 *Αακῶν1
1750 2328 1774 2362 i.
1800 2338 1913 2372 marg.

242 2400 367 2424 ουτωσ
393 2389 507 2433 εἰρον
530 2390 593 2424 καὶ
617 2387 658 2425 ἐν
684 2386 818 2425 αλλοισ
840 2399 885 2422 m.
912 2391 926 2422 1
952 2388 985 2422 A
1111 2389 1345 2428 *πλειστοις1
1369 2387 1539 2427 κτίσταις
1562 2384 1721 2420 Ortelius
1746 2395 1790 2420 ex
1816 2385 1914 2420 Stra·

241 2444 334 2479 bone
350 2444 419 2479 VII
437 2447 514 2488 296,
531 2445 617 2480 inde
634 2448 831 2488 πολισταῖς
848 2445 1026 2489 Scaliger3
1053 2444 1161 2479 etiam
1187 2444 1231 2478 de
1254 2443 1415 2489 pilleatis
1440 2441 1590 2487 cogitari
1609 2444 1730 2486 potest
1745 2441 1914 2477 Iordanis

242 2501 322 2536 Get.
350 2502 370 2542 ξ
397 2504 438 2535 40
515 2505 534 2535 5
559 2499 814 2548 *φιλοσόφων
837 2502 924 2536 MW
996 2505 1016 2535 6
1041 2494 1087 2547 ἢσ
1114 2500 1149 2537 οὶ
1175 2497 1353 2545 τρόφιμοι
1379 2502 1464 2534 ante
1489 2495 1535 2535 τὰ
1561 2499 1645 2533 add.
1672 2497 1703 2532 E
1777 2495 1915 2543 ὁμολο-

240 2555 371 2603 γούσῃ]
397 2558 491 2593 coni.
517 2555 746 2606 ὁμολογοῦσι
774 2559 877 2594 codd.
904 2558 935 2593 E
1032 2561 1048 2590 ἵ
1075 2558 1306 2603 δυσνίκητος]
1333 2556 1477 2591 Bekker
1502 2556 1723 2600 ὁυσκιίἠτοσ
1749 2554 1853 2590 codd.
1879 2554 1913 2590 E

241 2614 443 2649 inmobilem
468 2615 785 2661 inmutabilemqne
809 2615 879 2650 Lat
995 2615 1074 2655 *δἐ]
1102 2627 1140 2650 τε
1168 2613 1253 2648 MW
1348 2616 1366 2648 8
1391 2608 1672 2657 1’ὑπειληφώσιν
1696 2612 1744 2645 A¹
1768 2607 1915 2657 ὑπειλή-

242 2684 334 2716 φασι
360 2671 446 2705 MW
523 2675 561 2708 11
590 2673 690 2718 *τῆς]
717 2678 802 2708 τοῖσ
827 2671 865 2705 Μ
957 2670 1030 2713 ἐπὶ]
1056 2671 1205 2706 Ernesti
1232 2668 1303 2707 ὕπὸ
1331 2669 1435 2705 codd.
1461 2668 1493 2703 E
1590 2670 1629 2702 12
1654 2664 1914 2710 ὑποστάσεως]

241 2725 461 2764 ἐνστάσεωσ
487 2728 520 2763 E
624 2726 877 2776 *παρέλιποι·,
904 2741 923 2764 ο
951 2739 995 2763 ex
1020 2741 1037 2764 ε
1065 2739 1157 2763 corr.
1184 2727 1218 2762 A
1313 2730 1352 2761 13
1379 2723 1620 2771 *ὑποληφθῇ
1646 2739 1666 2770 η
1690 2723 1711 2758 i.
1739 2734 1811 2759 ras.
1839 2725 1871 2758 A

243 2779 348 2825 *ἐπἿ
374 2779 440 2820 ὑπ’
467 2784 554 2819 MW
628 2788 667 2820 14
693 2785 730 2822 δὲ
755 2796 822 2821 om.
849 2785 880 2820 Ε
952 2781 1193 2821 *ἐλάσσονοσ
1218 2782 1306 2818 MW
1376 2780 1551 2828 δέχεσθαι
1579 2779 1611 2814 Ε
1685 2783 1724 2815 16
1749 2781 1915 2826 γεστίου,

241 2839 265 2873 i.
291 2850 401 2884 marg.
427 2855 474 2888 γρ
499 2843 655 2887 γεσσιόι·
679 2843 711 2877 Α
806 2845 850 2889 τῇ
876 2853 943 2878 om.
970 2841 1091 2877 MWE
1184 2843 1223 2875 19
1247 2837 1427 2887 set-primo
1452 2837 1555 2873 codd.
1583 2836 1616 2871 E
1640 2837 1810 2882 cyrinens
1834 2836 1912 2872 cod.

241 2895 347 2931 ALat
418 2901 455 2932 21
486 2898 564 2940 *ἐν]
590 2894 656 2935 ἐπ’
680 2899 774 2936 coni.
857 2900 1049 2934 ‘iozarum
1073 2898 1145 2933 Lat
1231 2899 1271 2931 23
1297 2893 1394 2932 *τὸν
1421 2897 1516 2930 Σεθὶ
1541 2904 1608 2928 om.
1634 2893 1706 2928 Lat
1775 2894 1913 2934 *ΣεθὶΙ

243 2953 308 2990 oio
334 2954 420 2989 MW
445 2955 515 2991 ‹Ji-5}
541 2956 596 2990 ed.
623 2967 675 3000 pr.
768 2956 1011 2996 καθίσταται]
1038 2954 1123 2992 Zoni
1147 2953 1233 2988 MW
1258 2954 1420 2988 καθιστιῖ
1448 2951 1478 2985 Ε
1572 2951 1595 2985 i.
1621 2959 1732 2993 marg.
1767 2947 1822 2983 ῙἸ
1843 2949 1915 2985 Lat

1942 917 1978 950 10

1943 1254 2002 1287 15·

1944 1593 1981 1627 20
