2074 3392
282 224 366 263 224
739 224 902 268 ANTIQ.
928 224 1025 262 IUD.
1050 224 1137 260 XIX
1163 227 1295 261 76—82
1321 229 1496 269 (1.11.1·2)

281 341 424 393 μένων
463 332 577 380 ὥστε
616 337 802 380 εἰσιόντι
839 337 920 394 τὴν
960 337 1232 395 ἐπιχείρησιν
1272 340 1559 396 ποιήσασθαι
1600 340 1826 395 δυνάμεως
1855 351 1950 394 τοῖς

281 403 604 458 ὑπασπισταῖς,
636 405 675 449 εἰ
706 410 781 449 καί
810 422 926 456 τινες
957 409 1289 461 προθυμοῖντο,
1321 406 1378 464 μὴ
1412 408 1799 467 παρατευξομένης
1829 405 1951 467 αὐτῷ
1983 449 1991 454 .
2034 401 2035 451 J

279 476 480 530 βοηθεῖν.

198 547 250 586 77
399 544 464 583 12.
525 541 682 594 Είχετο
724 541 771 584 δὲ
811 544 1033 597 Χαιρέας,
1079 543 1151 584 καὶ
1195 545 1284 585 τῶν
1321 546 1528 599 θεωριῶν
1570 543 1860 588 ἐπελθουσῶν
1898 547 1952 602 τῇ

281 607 435 689 πρώτῃ
461 609 722 665 δεδογμένον
745 608 977 652 α’πτεσθαι
1008 611 1085 666 τῆς
1115 609 1320 666 πράξεως
1351 610 1630 668 ἰσχυρότερον
1659 602 1712 670 ἧν
1741 614 1820 655 τοῦ
1849 608 1947 655 κατ’
1979 622 1999 657 5

282 675 471 728 ἐκείνους
501 677 931 733 προβεβουλευκότος
961 676 1010 720 τὸ
1043 679 1120 733 τῆς
1150 677 1280 734 τύχης
1310 681 1557 734 συγχωροῦν
1579 676 1845 734 ὑπερβολάς,
1876 681 1950 724 καὶ

280 743 362 795 τὰς
400 754 517 801 τρεῖς
556 742 943 800 ὑπερβαλλομένου
982 754 1081 795 ταῖς
1120 749 1325 799 νοιιίμοις
1353 743 1539 803 ἡμέραις
1569 747 1699 802 μόλις
1732 746 1844 790 κατὰ
1875 746 1953 806 τὴν

198 816 251 857 78
281 814 539 855 τελ’·ειταίαν
571 808 722 862 αυτοῖς
754 811 959 869 ἐπράχθη
992 811 1040 855 τὸ
1075 812 1212 869 ε’ργον.
1273 817 1472 869 Χαιρέας
1495 815 1542 857 δὲ
1563 816 1832 894 συγκαλέσας
1851 814 1955 866 τοὺς

281 879 540 934 συνωιιότας
570 879 740 932 ,,πολίς
760 883 852 934 μέν,
886 885 1022 933 εἶπεν,
1054 883 1127 924 καὶ
1153 900 1175 923 ο
1199 881 1526 939 παρεληλυθώς
1553 883 1709 938 χρόνος
1731 880 1954 926 ὀνειδίσαι

279 947 328 990 τὸ
363 946 601 1002 ἐπιιιέλλον
635 945 755 1005 ἡμῶν
787 947 862 990 ἐπὶ
892 957 987 998 τοῖς
1009 948 1124 991 οἷ’τω
1143 950 1456 1003 βουλευθεῖσιν
1480 946 1578 1004 μετ’
1606 946 1774 1009 ἆρετης,
1808 948 1954 994 δεινὸν
1983 955 2021 1002 Q

281 1016 349 1068 δέ,
392 1015 430 1058 εἰ
468 1017 542 1059 καὶ
581 1015 835 1074 μηνίματος
871 1019 1105 1072 γενομένου
1146 1017 1428 1061 διαπεσεῖται
1466 1014 1491 1073 ἡ
1523 1018 1686 1074 πρᾶξις
1714 1020 1787 1062 καὶ
1819 1017 1955 1069 Γάιος

195 1089 248 1130 79
278 1080 424 1140 υβριεῖ
448 1082 673 1138 μειζόνως.
734 1102 756 1140 η
783 1079 857 1138 οἰχ
878 1081 1063 1140 ὁρῶμεν,
1086 1101 1146 1135 ως
1166 1087 1243 1142 τῆς
1265 1084 1522 1140 ἐλευθερίας
1544 1081 1820 1143 ἀφαιροῦμεν
1841 1082 1956 1129 ὁπό-

281 1166 362 1202 σας
382 1153 470 1193 τῶν
495 1148 664 1209 ηιιεριῦν
687 1152 951 1210 προσθήκην
975 1155 1030 1209 τη
1048 1155 1185 1195 Γαίου
1206 1153 1431 1208 τυραννίδι
1448 1153 1739 1209 χαριζόμεθα,
1762 1152 1860 1196 δέον
1878 1148 1956 1196 αὗ-

279 1219 382 1270 τούς
412 1214 452 1261 τ’
479 1215 622 1270 ἀδεεῖς
642 1219 692 1263 τὸ
716 1219 878 1264 λοιπὸν
901 1218 1014 1264 εἶναι
1034 1222 1107 1263 καὶ
1127 1229 1222 1272 τοῖς
1253 1217 1406 1271 ἄλλοις
1429 1220 1576 1264 αἰτίαν
1596 1223 1675 1264 τοῦ
1696 1216 1957 1276 εὐδαίμονος
2008 1218 2009 1223 ’

282 1286 594 1342 παρασχόντας
626 1284 686 1331 δι’
715 1289 875 1339 αἷιῦνος
896 1291 974 1332 τοῦ
997 1305 1196 1339 απαντος
1216 1298 1310 1340 τοῖς
1334 1280 1468 1339 αὖθις
1492 1288 1536 1332 ἐν
1557 1288 1760 1344 θαύματι
1780 1290 1957 1348 μεγάλῳ
1985 1292 2021 1338 Β

195 1359 250 1400 80
281 1357 353 1399 καὶ
385 1358 491 1412 τιιιῆ
521 1359 846 1414 καταστῆναι,·“
884 1374 972 1400 των
1015 1357 1061 1400 δὲ
1095 1353 1193 1400 οἴτε
1225 1352 1452 1401 αντειπεῖν
1485 1354 1546 1407 ὥς
1576 1353 1626 1400 οὗ
1658 1357 1775 1401 πάνυ
1805 1359 1957 1410 καλοῖς

282 1425 534 1477 δυναμένων
574 1421 676 1467 οὔτε
714 1424 792 1481 τὴν
823 1425 987 1489 πρᾲξιν
1029 1422 1230 1480 ἄντικρυς
1271 1425 1514 1479 δεχοιιένων
1547 1427 1654 1505 σιγῇ)
1679 1426 1726 1469 δὲ
1759 1442 1956 1470 καταπε-

280 1491 516 1550 πληγότων
546 1497 639 1546 ,,τί,
678 1498 834 1550 φησίν,
877 1491 912 1535 (ὗ
944 1502 1160 1549 γενναῖοι,
1193 1493 1510 1549 διαιιέλλομεν,·
1550 1487 1576 1552 ἢ
1608 1490 1685 1548 οὐχ
1716 1491 1848 1550 ὁρᾶτε
1878 1493 1957 1551 τὴν

282 1559 473 1616 σήμερον
503 1563 592 1604 τιῦν
621 1563 828 1616 θεωριῶν
859 1558 1026 1619 ἡμέραν
1056 1558 1247 1619 υστάτην
1279 1559 1415 1604 οὖσαν
1435 1564 1509 1606 καὶ
1532 1562 1669 1606 Γάιον
1691 1561 1956 1606 εκπλευσού-

195 1632 246 1673 81
281 1644 412 1683 μενον
425 1631 468 1683 ‚·‘·'
499 1627 575 1672 ἐπὶ
606 1628 688 1685 γὰρ
714 1625 1054 1686 Ἀλεξανδρείας
1084 1629 1417 1685 παρεσκεύαστο
1450 1632 1580 1674 πλεῖν
1614 1629 1726 1673 κατὰ
1756 1633 1958 1686 θεωρίαν
1985 1637 2022 1675 8

279 1699 357 1755 τῆς
387 1696 640 1753 Αἰγύπτου.
700 1696 862 1750 ,,καλόν
895 1698 942 1741 δὲ
980 1694 1085 1755 ἡμῖν
1125 1700 1353 1752 προέσθαι
1392 1700 1479 1742 τῶν
1514 1701 1674 1752 χειρῶν
1703 1697 1752 1741 τὸ
1786 1694 1958 1749 ὄνειδος

280 1767 334 1821 τῇ
368 1762 592 1820 Ῥωμαίων
629 1767 902 1822 μεγαλαυχίᾳ
945 1767 1211 1820 πομπεῦσον
1251 1765 1325 1808 διά
1369 1782 1417 1808 τε
1459 1768 1538 1823 γῆς
1582 1768 1654 1810 καὶ
1699 1765 1957 1823 θαλάσσης,-

196 1836 251 1877 82
283 1835 383 1883 πῶς
415 1830 456 1876 δ’
493 1829 569 1876 οὐκ
600 1827 652 1876 ἂν
685 1834 866 1884 δικαίως
896 1838 1118 1889 κρίνοιμεν
1140 1828 1300 1883 αὖτοὺς
1322 1833 1500 1890 αἰσχύνῃ
1532 1836 1621 1876 τιῦν
1640 1837 1956 1891 γενησομένων,

395 1958 633 1993 AMWELat

396 2017 416 2048 2
442 2016 812 2062 *παρατευξομένης]
839 2014 1161 2061 παραταξαμένησ
1185 2014 1223 2048 Μ
1249 2014 1567 2061 παραταξομένησ
1591 2015 1639 2049 W
1759 2019 1780 2050 4
1806 2013 1957 2062 Εἷχετο]

280 2067 452 2117 ἠνείχετο
481 2071 513 2105 Ε
545 2071 764 2117 expectabat
788 2071 860 2106 Lat
893 2066 1072 2117 ἠπείγετο
1097 2071 1221 2107 Naber
1361 2075 1378 2105 5
1405 2071 1673 2118 *δεδογμένον1
1699 2072 1902 2117 δεδομένον
1925 2074 1959 2108 Α

277 2128 570 2174 praecoqz'tatum
594 2128 666 2164 Lat
780 2122 867 2175 *ἧν]
891 2125 928 2164 δ’
953 2123 999 2173 ἦν
1023 2128 1070 2162 W
1198 2131 1217 2162 6
1243 2126 1389 2164 ἐκείνου
1413 2127 1481 2162 ΑΕ
1604 2132 1622 2162 7
1649 2124 1961 2175 *ΐ·περβαλλομέ·

281 2196 361 2226 νοις
385 2183 535 2219 Ernesti
662 2182 760 2227 *τὰς
784 2184 969 2230 νομίμους
993 2182 1134 2231 ἡμέρας
1159 2184 1345 2219 Lowthius
1478 2187 1496 2219 8
1523 2184 1587 2221 *δὲ
1612 2184 1857 2231 συγκαλέσας]
1882 2181 1959 2231 γὰρ

280 2240 450 2277 καλέσασ
474 2240 561 2275 ΜΨ
657 2244 696 2275 10
723 2240 782 2283 τὸ]
808 2255 849 2278 τε
874 2239 920 2278 τὸ
946 2241 1034 2276 ΜΨ
1126 2237 1307 2285 ἐπιμέλον
1323 2241 1361 2275 Μ
1386 2237 1440 2277 ἔτι
1463 2240 1603 2285 μέλλον
1624 2241 1772 2277 Bekker
1862 2237 1958 2286 μετὰ

282 2297 370 2332 ΜΨ
480 2301 516 2332 11
544 2298 746 2343 γινομένου
772 2300 804 2332 A
908 2300 973 2334 καὶ
997 2295 1117 2340 Γάιος
1141 2318 1183 2323 —
1214 2301 1252 2332 13
1275 2295 1530 2344 χαριζόμεθα]
1556 2303 1592 2333 et
1612 2298 1739 2344 potius
1762 2298 1870 2344 quius
1894 2307 1960 2333 uos

282 2353 428 2398 afficiat
452 2359 738 2400 cunctorumque
762 2355 911 2400 auferat
937 2354 1136 2390 libertatem
1162 2354 1216 2389 Ιιίς
1241 2354 1366 2389 «liebus
1391 2365 1483 2400 quos
1500 2365 1566 2389 nos
1584 2354 1771 2401 tyrannidi
1787 2355 1866 2390 eius
1882 2355 1959 2389 adi-
1992 2371 1996 2374 ·

283 2411 397 2445 cimus
421 2411 492 2446 Lat
588 2414 627 2446 12
656 2407 805 2453 ὁπόσας
832 2414 908 2447 τῶν
931 2409 1094 2458 ἡμερῶν]
1119 2412 1191 2446 Lat
1216 2414 1253 2447 et
1276 2411 1300 2447 i.
1317 2421 1426 2455 marg.
1446 2413 1477 2446 A
1503 2407 1632 2447 ὁπόσα
1659 2413 1737 2447 τῶν
1760 2407 1958 2458 ἡμετέρων

283 2489 407 2524 AMW
504 2492 542 2525 13
569 2488 805 2536 προσθήκην]
832 2487 853 2536 ἢ
878 2489 1102 2537 προσθήκην
1126 2490 1214 2525 ΜΨ
1240 2469 1532 2539 εἰσπροσθιῙκην,
1556 2490 1591 2527 εἰ
1614 2491 1637 2525 i.
1663 2501 1735 2526 ras.
1760 2491 1793 2526 A
1903 2492 1960 2537 τῇ]

283 2548 353 2583 τοῦ
377 2546 463 2581 ΜΨ
559 2543 700 2583 αἰτούσ
725 2548 772 2581 Αι
869 2550 909 2582 14
935 2543 969 2583 τ’
995 2543 1130 2590 α’δεεῖς]
1153 2546 1242 2584 τάδε
1268 2548 1320 2591 εἰς
1345 2548 1430 2582 ΜΨ
1547 2551 1586 2582 15
1612 2544 1887 2593 παρασχόντοσ
1911 2545 1960 2582 Ψ

398 2596 582 2646 ἅπαντος]
608 2599 784 2640 α’πόντοσ
810 2603 896 2638 ΜΨ
917 2606 1114 2650 praeteriti
1136 2606 1208 2641 Lat
1290 2608 1384 2648 τοῖς]
1411 2606 1479 2641 τοῦ
1502 2603 1591 2639 ΜΨ
1659 2601 1701 2640 έν
1725 2601 1892 2648 θαύματι
1916 2623 1960 2629 -

285 2662 326 2695 16
351 2662 439 2706 τιμῇ
464 2670 532 2696 om.
560 2659 646 2695 MW
768 2664 806 2695 16
832 2658 933 2702 οὔτε]
960 2661 1118 2696 Dindorf
1142 2658 1210 2699 οὐκ
1234 2662 1302 2697 ΑΕ
1329 2658 1413 2699 οιῗδὲ
1439 2660 1525 2696 ΜΨ
1643 2658 1843 2697 *ἅντιπεῖν
1867 2659 1915 2695 Ψ

282 2713 334 2759 ὡς
360 2713 404 2753 οὐ
430 2727 498 2752 om.
525 2716 557 2751 E
694 2713 773 2760 *ὡς
798 2712 842 2754 οὐ
870 2738 910 2742 —
935 2721 1079 2760 καλοῖς]
1106 2719 1213 2763 quasi
1238 2730 1311 2754 uon
1336 2719 1422 2754 bene
1445 2718 1579 2763 fixisset
1604 2717 1774 2753 hortatus
1797 2717 1870 2752 Lat

283 2776 426 2816 καλοῖς]
459 2773 613 2810 Hudson
645 2777 776 2810 καλῶσ
809 2774 876 2809 AE
901 2777 1029 2811 καλῶν
1059 2775 1148 2810 ΜΨ
1290 2778 1328 2810 18
1357 2774 1609 2818 *διαμέλομεν
1633 2773 1669 2807 Μ
1812 2776 1853 2809 19
1877 2768 1961 2820 ἦμέ·

285 2843 357 2876 ραν
380 2827 556 2877 ὑστάτην]
581 2829 744 2877 ἐσχάτην
769 2827 912 2878 ἡμέραν
938 2831 974 2865 Μ
999 2828 1163 2878 ὑστάτην
1186 2829 1332 2879 ἡμέραν
1356 2831 1403 2866 W
1428 2829 1647 2868 τελευταίαν
1670 2828 1814 2877 ἡμέραν
1838 2829 1871 2865 Ε

284 2888 324 2920 21
353 2884 450 2932 ἡμῖν]
475 2884 560 2932 ὑμῖν
584 2888 616 2922 Α
641 2887 744 2923 uobis
768 2887 840 2923 Lat
965 2891 1006 2923 22
1026 2885 1223 2933 Ῥωμαίων
1246 2886 1491 2936 μεγαλαυχίᾳ]
1515 2886 1753 2934 μεγαλαρχία
1779 2884 1961 2933 ρωμαίων

282 2942 321 2977 Μ
395 2941 589 2990 θαλάττησ
608 2944 653 2979 W
727 2948 767 2979 23
795 2947 875 2988 πῶς
899 2940 936 2980 δ’
960 2965 997 2970 -
1018 2945 1295 2991 γενησομένων]
1322 2956 1402 2978 nam
1421 2944 1603 2989 quomodo
1622 2955 1693 2979 non
1720 2944 1812 2978 iuste
1827 2942 1961 2978 erimus

283 2999 517 3044 confusionis
542 3001 695 3036 obnoxii
716 3002 787 3036 Lat
857 3002 893 3038 ὸὲ
915 3001 1000 3036 ΜΨ
1069 3000 1275 3048 κρίνοιμεν]
1303 3001 1395 3037 coni.
1414 3002 1605 3046 κρίνωμεν
1623 3003 1655 3036 A
1671 2998 1856 3046 κρίνομεν
1871 2996 1959 3035 ΜΨ
