2051 3397
505 214 665 259 ANTIQ.
693 213 787 250 IUD.
815 213 882 248 XX
913 216 971 248 134
985 215 1085 248 --130
1110 216 1166 253 (vu,
1184 219 1211 244 ³.
1229 217 1281 244 vu.
1303 218 1331 254 ι)
1666 211 1748 249 299

204 333 241 374 3.
309 329 363 371 Οἱ
403 330 506 384 περὶ
545 326 776 381 Κουμανὸν
817 326 861 368 δὲ
902 327 971 369 καὶ
1010 326 1112 377 τοὺς
1151 325 1354 381 πρώτους
1392 327 1478 368 τῶν
1509 328 1750 380 Σαμαρέων

42 431 45 435 -
91 393 464 454 ἀναπεμφθέντες
506 395 568 446 εἰς
609 392 772 452 Ῥώμην
817 394 1089 449 λαμβάνουσι
1137 392 1260 449 παρὰ
1305 395 1383 436 ros·
1430 390 1749 449 αὐτοκράτορος

30 453 34 461 ’
92 462 279 524 ἡμέραν,
319 460 428 507 καθ’
467 463 516 520 ἣν
548 464 651 518 περὶ
691 464 778 504 τῶν
810 461 922 517 πρὸς
954 458 1168 520 ἀλλήλους
1207 456 1580 518 ἀμφισβητήσεων
1612 463 1750 517 λέγειν

50 579 51 582 Ἰ
92 532 285 587 ἔμελλον.
347 530 515 588 σπουδή
559 530 605 572 δὲ
645 534 825 587 μεγίστη
867 532 927 585 τῷ
972 531 1190 585 Κουμανῷ
1228 530 1299 571 καὶ
1338 538 1433 579 τοῖς
1470 531 1750 583 Σαμαρεῦσιν

50 627 53 634 ·
87 590 140 659 ἦν
172 598 294 656 παρὰ
325 601 412 642 τῶν
444 602 671 654 Καίσαρος
703 594 1016 653 ἀπελευθέρων
1045 599 1115 640 καὶ
1149 597 1305 654 φίλων,
1336 589 1415 638 κᾶν
1446 600 1749 652 περιεγένοντο

88 669 176 711 τῶν
203 663 439 719 Ἰουδαίων,
473 666 511 709 εἰ
541 665 598 723 μή
634 682 717 721 περ
748 662 1000 721 Ἀγρίππας
1029 661 1052 707 ὗ
1087 664 1295 720 νεώτερος
1327 663 1371 707 ἐν
1401 666 1453 721 τῇ
1482 661 1617 720 Ῥώμῃ
1650 681 1750 720 τυγ-

16 769 20 777 .
87 735 232 790 χάνων
262 734 702 788 κατασπευδομένους
724 732 830 776 ἰδών
860 732 962 784 τοί-ς
990 735 1078 775 τῶν
1107 728 1329 775 Ἰουδαίων
1351 731 1555 786 πρώτους
1587 730 1749 788 ἐδεήθη

90 802 237 846 πολλὰ
258 805 334 859 τῆς
355 805 432 845 τοῦ
454 798 774 856 αὐτοκράτορος
793 800 994 857 γυναικὸς
1012 797 1306 858 Ἀγριππίνης
1327 809 1483 843 πεῖσαι
1511 799 1588 843 τὸν
1613 796 1752 854 ἄνδρα

91 869 385 914 διακούσαντα
416 870 679 926 πρεπόντως
708 871 761 927 τῇ
792 868 950 912 ἑαυτοῦ
989 868 1241 926 δικαιοσύνῃ
1273 864 1621 924 τιμωρήσασθαι
1650 867 1752 918 τοὺς

43 978 45 980 .
89 937 260 989 αἰτίους
296 940 374 994 τῆς
413 933 719 988 ἀποστάσεως.
779 939 849 980 καὶ
885 937 1104 987 Κλαύδιος
1143 939 1195 993 τῇ
1238 936 1384 993 δεήσει
1420 935 1555 992 ταύτῃ
1589 953 1750 992 προευ-

88 1007 354 1062 τρεπισθεὶς
383 1008 454 1049 καὶ
479 1006 728 1057 διακούσας,
760 1003 820 1056 ὥς
841 1001 936 1060 εὗρε
956 1007 1044 1047 τιῦν
1073 1007 1216 1047 κακῶν
1238 1000 1449 1062 ἀρχηγοὶ-ς
1478 1003 1581 1055 τοὺς
1601 1009 1753 1059 Σαμα-

91 1078 238 1131 ρείτας
257 1077 526 1130 γενομένοις,
549 1073 651 1124 τοῖς
671 1074 750 1128 μὲν
773 1069 1021 1129 ἀναβάντας
1042 1071 1157 1127 πρὸς
1180 1068 1312 1115 αὐτὸν
1334 1072 1553 1115 ἐκέλευσεν
1576 1069 1753 1128 άναιρε-

3 1145 5 1158 ¹
91 1145 242 1199 θῆναι,
273 1145 337 1199 τῷ
370 1144 590 1198 Κουμανῷ
622 1142 666 1185 δὲ
700 1140 840 1199 φυγὴν
872 1140 1108 1196 ἐπέβαλεν,
1145 1141 1314 1196 Κέλερα
1346 1140 1393 1183 δὲ
1423 1139 1500 1183 τὸν
1528 1143 1753 1197 χιλίαρχον

92 1209 311 1254 ἐκέλευσεν
344 1206 586 1266 ἀγαγόντας
626 1209 688 1260 εἷς
717 1208 772 1252 τὰ
798 1206 1078 1264 Ἱεροσόλυμα
1118 1208 1300 1251 πάντων
1331 1205 1536 1264 ὁρώντων
1569 1207 1644 1251 ἐπὶ
1674 1206 1754 1265 τὴν

49 1302 53 1313 ³
92 1277 226 1321 πόλιν
258 1280 409 1321 πᾶσαν
442 1278 657 1332 σι’·ραντας
689 1272 828 1327 οὕτως
860 1275 1133 1319 ἀποκτεῖναι.

204 1347 297 1390 VII.
332 1351 367 1389 1.
430 1349 609 1400 Πέμπει
641 1346 688 1388 δὲ
717 1346 790 1388 καὶ
821 1344 1044 1387 Κλαύδιον
1071 1344 1244 1400 Φήλικα
1273 1343 1536 1394 Πάλλαντος
1558 1339 1753 1400 ἀδελφὸν

89 1415 177 1456 τῶν
206 1412 318 1455 κατὰ
349 1412 426 1469 τὴν
455 1414 672 1457 Ἰουδαίαν
703 1412 1064 1470 προστησόμενον
1095 1411 1380 1468 πραγμάτων.
1438 1414 1516 1469 τῆς
1547 1407 1586 1454 δ’
1623 1407 1754 1467 ἀρχῆς

92 1481 338 1524 δωδέκατον
361 1481 458 1532 ἔτος
480 1478 559 1539 ἤδη
583 1479 886 1539 πεπληρωκὼς
908 1481 1117 1536 δωρεῖται
1136 1479 1212 1523 τὸν
1234 1475 1488 1536 Ἀγρίππαν
1508 1481 1562 1536 τῇ
1585 1480 1754 1522 Φιλίπ-

93 1565 181 1592 που
211 1553 446 1607 τετραρχίᾳ
484 1552 555 1593 καὶ
589 1553 819 1606 Βαταναίᾳ
857 1549 1080 1604 προσθεὶς
1116 1543 1234 1604 αὐτῷ
1263 1547 1341 1603 τὴν
1377 1553 1646 1603 Τραχωνῖτιν
1677 1546 1755 1589 σὺν

90 1614 299 1674 Ἀβέλλᾳ·
332 1621 544 1660 Λυσανία
576 1613 616 1660 δ’
645 1612 751 1675 αὕτη
782 1616 948 1673 γεγόνει
977 1619 1233 1672 τετραρχία·
1265 1614 1342 1672 τὴν
1373 1614 1578 1658 Χαλκίδα
1609 1610 1650 1656 δ’
1678 1610 1755 1656 αὗ-

92 1683 169 1728 τὸν
200 1680 459 1742 ἀφαιρεῖται
494 1684 847 1728 δυναστεύσαντα
867 1683 1027 1741 ταύτης
1057 1683 1130 1741 ἔτη
1162 1687 1369 1740 τέσσαρα.
1421 1682 1568 1738 λαβών
1599 1682 1647 1725 δὲ
1676 1680 1754 1738 τὴν

31 1787 34 1799 .
93 1751 262 1809 δωρεὰν
284 1752 408 1809 παρὰ
437 1755 516 1796 τοῦ
538 1757 766 1810 Καίσαρος
785 1748 1040 1808 Ἀγρίππας
1071 1751 1277 1795 ἐκδίδωσι
1298 1750 1413 1805 πρὸς
1441 1751 1582 1807 γάμον
1601 1746 1757 1807 Ἀζίζῳ

42 1814 45 1831 ”
91 1822 156 1875 τῷ
174 1816 361 1875 Ἐμεσῶν
381 1821 558 1875 βασιλεῖ
588 1822 940 1876 περιτέμνεσθαι
961 1819 1204 1874 θελήσαντι
1225 1819 1506 1875 Δρούσιλλαν
1526 1818 1605 1875 τὴν
1627 1815 1755 1862 ἀδελ-

94 1887 204 1944 φήν·
239 1884 484 1945 Ἐπιφανὴς
522 1887 604 1944 γὰρ
635 1885 657 1931 ὁ
689 1886 915 1940 Ἀντιόχου
953 1889 1031 1930 τοῦ
1068 1888 1288 1942 βασιλείας
1326 1896 1436 1937 παῖς
1467 1886 1755 1944 παρῃτήσατο

48 1979 55 1999 ,ν
90 1953 168 1998 τὸν
196 1954 336 2011 γάμον
366 1954 423 2010 μὴ
445 1957 687 2012 βουληθεὶς
706 1954 762 1998 τὰ
787 1950 1012 1999 Ἰουδαίων
1034 1954 1118 2013 ἔθη
1149 1957 1415 2010 μεταλαβεῖν
1445 1958 1606 2011 καίπερ
1627 1957 1757 1998 τοῦτο

206 2115 225 2158 ς
252 2117 317 2149 134
339 2103 384 2144 =‘
407 2114 490 2149 bell.
514 2114 594 2149 Iud.
619 2114 655 2148 11
679 2116 756 2149 245.

206 2248 607 2284 AMWELatZonaras
632 2248 649 2282 I
672 2259 708 2292 p.
735 2250 813 2282 515.
850 2247 1002 2283 Photius
1026 2247 1114 2282 bibl.
1138 2258 1174 2292 p.
1201 2250 1300 2283 317³.
1322 2247 1479 2283 Bekker.

164 2333 166 2335 >
210 2308 226 2340 1
252 2301 447 2349 κοὺμανον
472 2304 595 2338 ΜΨΕ
687 2307 707 2338 4
731 2301 910 2348 κουμάνω
934 2303 1058 2338 ΜΨΕ
1159 2307 1178 2338 5
1203 2301 1315 2346 *κᾶν]
1339 2306 1402 2340 καὶ
1425 2303 1514 2339 ΜΨ
1607 2305 1759 2351 *περιε-

93 2361 248 2408 γίνοντο
275 2360 323 2395 W
460 2363 480 2395 8
504 2363 573 2397 τοῦ
599 2371 666 2395 om.
693 2359 759 2394 ΑΕ
897 2363 916 2395 9
942 2357 1208 2402 διακούσαντα]
1233 2358 1439 2397 δικάσαντα
1464 2361 1586 2396 ΜΨΕ
1611 2372 1759 2396 causam

95 2417 246 2452 audiens
271 2417 342 2452 Lat
433 2412 549 2453 αὐτοῦ
573 2416 696 2452 ΜΨΕ
797 2420 838 2450 10
862 2416 886 2450 i.
911 2427 1022 2462 marg.
1049 2415 1134 2451 XII
1151 2417 1224 2452 Lat
1318 2421 1356 2453 11
1384 2418 1602 2465 *σαμαρεῖσ
1627 2417 1715 2452 ΜΨ

97 2476 139 2509 13
163 2471 342 2518 κουμάνω
366 2473 489 2508 ΜΨΕ
580 2472 739 2518 κελλέρα
764 2473 797 2507 Ε
914 2476 955 2508 14
978 2470 1179 2520 *ἅγοντασ
1203 2474 1291 2509 ΜΨ
1407 2477 1448 2509 16
1471 2475 1495 2509 i.
1519 2485 1630 2518 marg.
1656 2473 1765 2509 XIII

94 2529 167 2565 Lat
235 2527 413 2566 κλαύδιοσ
436 2529 468 2564 Ε
539 2530 668 2575 φίλικα
693 2540 738 2564 ex
763 2526 900 2576 φήλικα
926 2541 1018 2566 corr.
1040 2532 1073 2564 A
1143 2528 1342 2567 πάλαντοσ
1365 2530 1398 2564 Ε
1469 2534 1509 2565 17
1534 2533 1553 2574 ξ
1581 2533 1756 2566 138-143

95 2586 277 2632 excerpsit
299 2585 450 2621 Photius
582 2585 620 2622 δὲ
642 2585 765 2621 ΜΨΕ
884 2589 923 2622 18
946 2586 1200 2628 *ὁωδέκατοή
1224 2586 1398 2622 decimum
1415 2587 1488 2622 Lat
1600 2586 1666 2633 ἤδη
1691 2598 1758 2623 om.

96 2641 128 2676 Ε
229 2639 558 2688 *πεπληρωκότοσ
581 2641 670 2676 ΜΨ
776 2645 816 2677 19
842 2639 910 2679 σὺν
933 2637 1093 2692 Ἀβέλλᾳ]
1118 2643 1303 2691 συνέβαλε
1327 2643 1366 2678 Μ
1391 2643 1595 2690 συνέβαλλε
1621 2643 1667 2677 W
1693 2640 1760 2680 σὺν

97 2693 217 2745 ἆβέλα
242 2698 274 2733 Ε
297 2709 372 2733 una
396 2709 475 2733 cum
500 2698 603 2734 abela
633 2698 705 2733 Lat
841 2701 882 2733 20
908 2700 1114 2736 *λυσανίου
1145 2702 1204 2740 (ου
1228 2711 1273 2734 ex
1297 2713 1320 2736 α
1347 2710 1438 2735 corr.
1464 2701 1508 2741 A)
1532 2700 1668 2735 APhot

95 2754 165 2791 *δὲ
187 2754 276 2789 ΜΨ
405 2751 574 2801 ἐγεγόνει
598 2754 746 2789 EPhot.
870 2750 936 2791 *δ’
962 2766 1030 2790 om.
1056 2756 1143 2790 MW
1282 2758 1322 2790 21
1349 2751 1596 2803 *ἀφαιρεῖται
1620 2753 1761 2802 ταύτησ

97 2808 398 2848 δυναστεύσαντα
422 2811 503 2853 (litt.
528 2825 565 2847 αι
590 2809 731 2858 ταύτησ
754 2809 1007 2848 δυναστεύσαν
1029 2812 1053 2846 i.
1078 2822 1150 2847 ras.
1175 2823 1220 2846 m.
1249 2815 1281 2853 2)
1305 2814 1351 2847 tr.
1376 2813 1410 2846 A
1547 2814 1589 2846 22
1613 2807 1761 2859 *Ἀζιζῷ

63 2914 66 2916 .
97 2865 204 2902 Phot.
342 2870 384 2902 23
408 2863 613 2913 *Ἐμεσῶν]
638 2878 843 2903 amasorum
870 2868 940 2904 Lat
968 2864 1133 2914 Ἐμέσων
1155 2869 1261 2904 Phot.
1398 2869 1649 2915 *δρουσίλλαν
1670 2868 1759 2904 ΜΨ

50 2922 62 2972 s
99 2924 301 2970 ὄρουσίλαν
324 2924 429 2960 Phot.
570 2927 613 2959 24
639 2919 824 2970 άντιόχοσ
847 2924 879 2959 Ε
1018 2928 1059 2960 25
1084 2927 1295 2972 βουληθεὶς]
1325 2926 1531 2973 βουληθεὶσ
1555 2924 1612 2961 εἰσ
1636 2924 1669 2959 Ε

100 2980 142 3013 25
167 2982 407 3027 μεταλαβεῖν]
431 2983 661 3028 μεταβαλεῖν
684 2981 717 3016 Ε

1785 329 1859 368 134

1784 532 1862 573 135

1785 942 1864 983 136

1788 1350 1865 1391 137

1788 1417 1866 1458 138

1789 1691 1867 1733 139
