2074 3392
131 546 212 586 372

129 882 211 923 373

128 1291 211 1331 374

130 1563 211 1604 375

130 1902 214 1942 376

243 224 323 263 208
668 225 831 268 ANTIQ.
856 225 952 262 IUD.
977 226 1099 262 XVIII
1124 229 1302 263 371—376
1325 231 1385 272 (1x.
1405 234 1433 261 s.
1448 232 1480 270 9)

243 338 320 381 ἐπὶ
350 337 466 380 πολὺ
498 337 710 395 διάφοροι
739 338 1072 396 καθεστήκεσαν
1113 339 1237 399 αἰτίᾳ
1274 344 1352 399 τῆς
1391 341 1691 394 ἐναντιώσεως
1719 346 1808 386 τῶν
1839 344 1912 387 νό-

242 423 337 461 μων
368 407 441 448 καὶ
463 403 700 461 ὁποτέροις
734 409 1032 462 παραγένοιτο
1052 411 1240 465 θαρρεῖν
1261 410 1473 467 πρότεροι
1495 406 1695 468 αλλήλων
1719 406 1912 468 ἥπτοντο

244 473 283 516 εἰ
312 473 370 530 μὴ
402 475 477 517 καὶ
507 473 609 517 τότε
639 465 715 517 οὖν
747 473 1049 517 ἀπολωλότων
1070 478 1157 519 τῶν
1178 480 1284 533 περὶ
1304 478 1381 521 τὸν
1397 474 1626 521 Ἀνιλαῖον
1647 477 1912 522 ἐπετίθεντο

243 550 338 592 τοῖς
362 538 597 592 Ἰουδαίοις
627 542 671 585 οἱ
692 541 986 597 Βαβυλώνιοι.
1037 543 1080 585 οἱ
1112 539 1154 586 δ)
1191 543 1236 587 ὲν
1258 545 1389 602 δεινῷ
1417 549 1650 600 τιθέμενοι
1678 545 1758 602 τὴν
1786 546 1913 602 ῧβριν

242 608 320 666 τὴν
359 608 405 652 ἐκ
441 611 529 652 τῶν
560 611 859 665 Βαβυλωνίων
896 612 970 654 καὶ
1007 610 1118 666 μήτε
1160 607 1487 664 ἀντιτάξασθαι
1525 613 1639 670 μάχῃ
1680 613 1916 668 δυνάμενοι

242 676 351 733 μήτε
382 674 561 720 ἀνεκτὸν
591 675 826 735 ἡγούμενοι
864 677 942 735 τὴν
974 683 1198 722 συνοικίαν
1237 677 1401 736 ᾤχοντο
1442 681 1505 733 εἰς
1535 681 1791 725 Σελεύκειαν
1824 683 1914 724 τῶν

243 743 382 801 ἐκείνῃ
424 745 558 788 πόλιν
596 743 951 803 ἀξιολογωτάτην
981 746 1193 790 Σελεύκου
1230 752 1462 800 κτίσαντος
1502 746 1635 806 αὐτὴν
1663 751 1743 792 τοῦ
1772 749 1915 792 Νικά-

240 828 384 868 τορος.
445 812 641 855 οἰκοῦσιν
674 807 714 854 δ’
752 809 885 869 αὐτὴν
906 814 1070 858 πολλοὶ
1090 815 1169 869 μὲν
1191 816 1479 870 Μακεδόνων,
1510 819 1717 861 πλεῖστοι
1748 818 1796 861 δὲ
1827 813 1914 862 Ἐλ-

244 881 382 937 ληνες,
415 879 534 922 ἔστιν
566 879 614 922 δὲ
643 881 716 922 καὶ
738 876 889 936 Σύρων
920 877 997 924 οὒκ
1027 877 1176 938 ὀλίγον
1196 882 1245 926 τὸ
1270 882 1682 941 ἐμπολιτευόμενον.
1742 886 1806 936 εἰς
1834 886 1915 941 μὲν

243 947 294 1004 δὴ
326 947 488 1004 ταύτην
518 947 870 1011 καταφεύγουσιν
902 949 946 992 οἱ
970 945 1179 994 Ἰουδαῖοι
1208 953 1281 994 καὶ
1314 950 1388 995 ἐπὶ
1418 952 1498 1007 μὲν
1529 957 1662 997 πέντε
1691 953 1764 1012 ἔτι]
1794 949 1916 997 ἄπα-

240 1019 343 1066 θεῖς
373 1017 516 1058 κακῶν
549 1013 671 1072 ἦσαν,
703 1017 767 1071 τῷ
798 1015 845 1058 δὲ
876 1015 985 1073 ἕκτῳ
1017 1017 1105 1061 ἔτει
1135 1017 1246 1073 μετὰ
1277 1018 1326 1062 τὸ
1360 1022 1540 1076 πρῶτον
1572 1020 1729 1078 φθορά
1755 1020 1800 1064 ἐν
1822 1026 1915 1065 Βα-

240 1084 407 1136 βυλῶνι
445 1081 613 1138 ἐγένετο
653 1078 798 1126 αὐτῶν
835 1086 910 1128 καὶ
947 1087 1096 1129 καιναὶ
1135 1090 1301 1138 κτίσεις
1339 1086 1384 1130 ἐκ
1421 1090 1499 1146 τῆς
1529 1089 1703 1140 πόλεως
1740 1092 1814 1134 καὶ
1846 1086 1910 1134 δι’

242 1147 376 1208 αὐτὴν
409 1148 562 1208 ἄφιξις
594 1150 656 1201 εἰς
689 1150 769 1207 τὴν
798 1151 1056 1196 Σελεύκειαν
1087 1152 1306 1208 ἐκδέχεται
1334 1155 1495 1209 μείζων
1528 1152 1686 1208 αὐτοὺς
1708 1157 1916 1217 συμφορὰ

243 1215 303 1263 δι’
340 1219 501 1272 αἰτίαν,
533 1218 584 1277 ἢν
615 1214 915 1278 ἀφηγήσομαι.

355 1291 395 1331 9.
453 1288 700 1330 Σελευκέων
728 1297 824 1338 τοῖς
846 1288 1024 1346 Ἕλλησι
1054 1289 1170 1346 πρὸς
1199 1289 1301 1341 τοὺς
1331 1290 1498 1347 Σύρους
1527 1288 1588 1342 ὥς
1619 1290 1696 1336 ἐπὶ
1726 1292 1841 1336 πολὺ
1873 1291 1918 1336 ἒν

243 1354 399 1398 στάσει
427 1356 502 1398 καὶ
533 1354 732 1412 διχονοίᾳ
763 1355 883 1399 ἐστὶν
914 1354 936 1400 ὁ
968 1361 1067 1412 βίος
1103 1360 1176 1402 καὶ
1206 1361 1441 1414 κρατοῦσιν
1480 1359 1523 1402 οἱ
1543 1354 1780 1417 Ἕλληνες,
1817 1360 1920 1404 τότε

230 1413 319 1465 ,οὖν
351 1422 669 1466 συνοικούντων
709 1422 860 1474 αὐτοῖς
890 1420 1117 1469 Ἰουδαίων
1156 1429 1402 1482 γενομένων
1442 1426 1725 1481 ἐστασίαζον,
1763 1430 1837 1472 καὶ
1876 1429 1921 1472 οἱ

242 1490 378 1547 Σύροι
407 1493 737 1547 καθυπέρτεροι
766 1482 878 1549 ἦσαν
909 1490 1126 1552 ὁμολογία
1155 1497 1209 1552 τῇ
1224 1490 1449 1538 Ἰουδαίων
1472 1494 1586 1550 πρὸς
1609 1491 1767 1547 αὐτοὺς
1788 1496 1920 1553 φιλο-

242 1558 453 1602 κινδύνων
483 1575 531 1602 τε
563 1555 735 1615 ἀνδρῶν
764 1562 838 1604 καὶ
869 1563 1081 1616 πολεμεῖν
1104 1562 1353 1618 προθύμως
1375 1563 1710 1620 ἐντεταγμένων.
1770 1566 1844 1608 καὶ
1876 1565 1920 1608 οἱ

231 1622 434 1684 Ἕλληνες
465 1627 832 1682 περιωθούμενοι
861 1631 915 1686 τῇ
947 1629 1101 1674 στάσει
1130 1633 1204 1674 καὶ
1235 1635 1342 1684 μίαν
1373 1628 1564 1686 ὁρῶντες
1595 1627 1746 1682 αὐτοῖς
1777 1627 1920 1690 ἀφορ-

241 1693 328 1751 μὴν
365 1697 444 1738 τοῦ
483 1691 813 1739 ἀνασώσασθαι
851 1696 902 1740 τὸ
942 1697 1159 1754 πρότερον
1192 1695 1380 1754 ἀξίωμα,
1413 1699 1451 1743 εἰ
1483 1700 1716 1755 δυνηθεῖεν
1745 1703 1920 1744 παῦσαι

241 1758 404 1805 ταύτὸν
447 1764 652 1818 λέγοντας
686 1759 928 1816 Ἰουδαίους
965 1768 1039 1809 καὶ
1075 1766 1260 1821 Σύρους,
1302 1767 1548 1824 διελέγοντο
1588 1767 1765 1812 ἕκαστοι
1804 1767 1921 1825 πρὸς

242 1831 332 1871 τιῦν
353 1829 505 1885 Σύρων
534 1830 638 1882 τοὺς
670 1827 819 1882 αὐτοῖς
851 1832 1063 1889 συνήθεις
1092 1834 1180 1890 πρὸ
1212 1837 1292 1878 τοῦ
1321 1835 1554 1891 γεγονότας
1575 1835 1748 1894 εἰρήνην
1768 1852 1817 1879 τε
1844 1838 1919 1880 καὶ

245 1898 402 1954 φιλίαν
422 1895 780 1954 ὑπισχνούμενοι.
841 1900 885 1943 οἱ
907 1900 954 1943 δὲ
975 1899 1217 1945 ἐπείθοντο
1241 1899 1438 1956 ἄσμενοι.
1499 1902 1692 1959 ἐγίνοντο
1724 1894 1800 1947 οὖν
1832 1899 1915 1961 ἀφ’

244 1964 460 2022 ἑκατέρων
493 1966 617 2023 λόγοι
646 1969 719 2010 καὶ
750 1969 838 2010 τῶν
868 1968 1061 2025 πρώτων
1092 1965 1204 2025 παρ’
1240 1968 1464 2026 ἑκατέροις
1495 1966 1666 2026 ἀνδρῶν
1691 1971 1919 2027 πρασσόν-

356 2089 514 2125 AMWE
524 2090 596 2126 Lat

359 2150 375 2181 1
403 2146 504 2196 αἰτίᾳ
519 2166 564 2172 -
581 2150 602 2182 4
619 2146 868 2194 Βαβυλώνιοι]
887 2159 999 2183 causa
1015 2159 1104 2184 uero
1122 2147 1229 2183 lzuz'us
1245 2149 1300 2183 rei
1312 2149 1388 2193 fuit
1405 2149 1468 2184 lox
1484 2159 1607 2184 eorum
1617 2154 1792 2194 paterna,
1810 2160 1921 2196 quam

242 2203 304 2239 ille
321 2204 572 2250 oppuqnahat,
596 2207 630 2239 et
648 2208 806 2250 propter
829 2204 899 2239 hoo
922 2204 990 2239 sibi
1014 2215 1156 2250 semper
1177 2205 1330 2240 inuicem
1347 2205 1636 2246 aemulabantur,
1652 2205 1748 2241 unde
1764 2215 1843 2240 cum
1861 2217 1921 2242 eo·

243 2270 324 2294 rum
342 2261 534 2305 quisquam
549 2262 833 2306 oportunitatem
850 2262 1041 2297 inuenerat
1057 2261 1101 2297 ab
1119 2261 1264 2296 iniuriis
1279 2272 1351 2296 non
1366 2260 1578 2308 parcebant.
1612 2266 1697 2297 tuno
1712 2262 1836 2309 itaque
1851 2261 1921 2298 hoc

243 2315 350 2351 modo
368 2316 512 2352 annaeo
527 2322 702 2363 pereunte
718 2322 918 2364 coeperunt
933 2319 1120 2364 babylonii
1134 2318 1250 2353 iudeis
1266 2318 1403 2353 instare
1416 2318 1488 2353 Lat
1559 2320 1579 2352 2
1593 2318 1874 2365 παραγένοιντο
1887 2321 1921 2355 A

357 2369 554 2420 πρότερον
572 2373 620 2408 W
689 2377 708 2409 3
727 2374 763 2411 εἰ
775 2372 837 2421 μὴ]
855 2372 969 2421 λύμης
983 2375 1198 2412 Gutsehmid
1214 2373 1279 2411 καί
1295 2388 1390 2411 ποτε
1408 2369 1476 2411 οὖν
1493 2369 1757 2411 α’πολωλότων
1773 2375 1796 2412 i.
1810 2386 1922 2421 marg.

243 2430 277 2464 A
349 2423 416 2466 οὖν
432 2425 707 2476 ἀπολωλότων]
733 2429 1064 2468 συναπολωλότων
1081 2434 1115 2467 A
1184 2435 1204 2466 4
1223 2432 1261 2469 δὲ
1278 2431 1401 2466 MWE
1473 2435 1490 2465 ἵ
1518 2429 1747 2478 Νικάτορος]
1765 2431 1927 2468 Dindorf

245 2482 454 2532 νικάνοροσ
478 2487 583 2522 codd.
610 2488 722 2522 ELat
801 2491 819 2523 8
845 2489 911 2525 *δὲ
935 2489 1022 2523 MW
1092 2486 1344 2531 *Μακεδόνες
1368 2488 1461 2524 coni.
1545 2492 1566 2523 9
1591 2484 1762 2535 *ὀλίγων
1787 2489 1876 2524 MW

247 2546 287 2576 10
304 2542 386 2587 μὲν]
403 2543 520 2587 ALat,
539 2554 606 2578 om.
625 2544 748 2579 MWE
823 2549 859 2580 11
887 2541 1003 2590 *μετὰ
1024 2543 1082 2587 τὸ]
1100 2541 1194 2590 μεθ’
1214 2541 1235 2581 ὃ
1254 2546 1399 2580 Bekker
1468 2546 1706 2592 *Βαβυλώνι1
1723 2545 1922 2592 babylonia

243 2599 317 2635 Lat
390 2602 428 2634 12
445 2602 509 2636 καὶ
525 2603 652 2636 καιναὶ
669 2621 712 2626 -
734 2604 772 2636 13
792 2599 1031 2644 Σελεύκειαν]
1057 2609 1091 2637 et
1108 2603 1216 2636 ruina
1233 2608 1266 2638 et
1283 2602 1326 2638 ob
1343 2601 1413 2636 hoc
1428 2601 1584 2648 plurimi
1598 2602 1788 2637 seleuciam
1805 2603 1923 2648 maqis

243 2657 433 2702 maqisque
457 2658 679 2703 confuqiunt
702 2657 774 2693 Lat
857 2660 964 2695 κεναὶ
988 2660 1021 2694 Α
1113 2660 1266 2701 κτίσεις]
1291 2655 1445 2704 κτήσεισ
1469 2669 1513 2694 ex
1530 2669 1621 2694 corr.
1648 2657 1682 2693 A
1707 2658 1744 2695 αὶ
1768 2656 1923 2704 κτήσεισ

245 2713 462 2748 Gutschmid
485 2711 722 2759 μετοικήσας
745 2714 898 2751 Hudson
989 2719 1028 2750 13
1054 2713 1190 2762 ἅψηξισ
1214 2716 1260 2750 W
1337 2717 1488 2760 μείζων]
1515 2715 1553 2752 δὲ
1577 2713 1718 2759 μείζων
1741 2715 1809 2750 ΑΕ
1834 2718 1922 2762 τῇδε

244 2771 385 2814 μείζων
403 2770 618 2806 Gutsohmid
692 2775 729 2806 Π
757 2771 1074 2814 *συνοικούντωνΙ
1101 2774 1290 2809 συνοίκων
1309 2772 1452 2816 cocceji
1522 2771 1739 2818 γενομένων
1755 2783 1823 2807 om.
1843 2772 1876 2808 E

246 2829 288 2860 20
314 2820 522 2874 *ἝλληνεςῙ
546 2828 644 2863 iudei
666 2827 739 2864 Lat
884 2831 922 2863 21
950 2829 1014 2866 *εἰ
1035 2850 1078 2854 -
1104 2832 1146 2864 22
1174 2826 1334 2876 Σύρους]
1361 2830 1433 2864 nisa·
1453 2840 1559 2874 syros
1583 2841 1606 2863 α
1631 2827 1746 2863 iudeis
1769 2839 1920 2875 separa-

244 2886 325 2917 rent
350 2883 422 2919 Lat
458 2875 471 2889 ζ’
516 2888 557 2919 22
584 2880 726 2921 ταύτὸν
750 2884 944 2931 λέγοντας]
970 2886 1027 2921 ed.
1052 2897 1107 2931 pr.
1134 2882 1204 2922 τὸν
1229 2885 1389 2932 λέγοντα
1415 2884 1520 2920 codd.
1549 2881 1817 2929 ὃμονοοῖϊτασ
1841 2886 1874 2921 Ε

246 2942 289 2975 23
315 2940 435 2977 *τοὺσ
460 2952 505 2976 ex
530 2947 615 2977 τοῐσ
640 2952 732 2977 corr.
760 2943 792 2976 A
885 2937 1026 2985 αὐτοῖς]
1052 2938 1178 2979 αὐτῶν
1201 2945 1270 2982 ((ῦν
1285 2942 1308 2976 i.
1329 2952 1413 2983 ras„
1438 2943 1470 2976 ὦ
1494 2951 1538 2975 ex
1563 2946 1602 2976 οῖ
1624 2951 1717 2976 corr.
1744 2942 1788 2983 A)
1814 2943 1920 2978 codd.

246 2997 279 3032 E
374 3000 415 3030 25
442 2996 647 3044 ἑκατέροις]
675 2996 824 3042 ἑτέροιο
849 2999 937 3033 MW

2006 2458 2014 2477 I

2004 2493 2029 2597 f
