2051 3397
556 203 715 248 ANTIQ.
741 203 835 239 mn.
862 203 944 238 XIX
974 207 1149 238 lxx—1⁴9
1173 207 1209 243 (1.
1227 210 1274 235 ιτ.
1295 210 1345 246 15)
1694 204 1774 241 235

125 324 221 378 σμῴ
258 336 306 363 τε
344 314 568 370 ἀξιώσεως
604 318 692 359 τιῦν
729 312 900 371 ἀνδρῶν
930 319 999 360 καὶ
1035 317 1141 373 ἐλέῳ
1171 320 1249 360 τοῦ
1282 317 1482 367 πάθοι-ς,
1515 316 1627 359 ὥστε
1661 315 1771 372 παρ’

125 389 269 446 ὀλίγον
298 388 369 429 καὶ
402 380 552 435 αὐτοῖς
583 380 709 426 οὐδὲν
731 383 1051 441 ἐλλιπεστέρως
1081 384 1135 427 τὰ
1166 387 1253 427 τιῦν
1274 384 1484 427 κινδύνων
1504 382 1777 443 ὁμιλήσαντα

126 456 524 502 ἐπανασεσεῖσθαι,
562 448 622 494 ὥν
662 448 823 509 ἄδηλον
863 449 972 496 εἶναι
1006 452 1083 508 την
1124 451 1355 509 συμφορὰν
1394 453 1520 506 εἴπερ
1558 452 1621 502 εἰς
1650 454 1774 503 τέλος

127 523 370 583 φευχθῆναι
402 514 572 562 δύναιτ’
609 516 674 562 ἄν.
730 519 844 562 ὥστε
874 513 953 562 κᾶν
985 520 1027 563 εἴ
1054 536 1170 570 τινες
1199 522 1287 562 τιῦν
1319 520 1565 574 προθύμως
1594 520 1775 573 μισούν-

78 602 101 636 5
128 608 214 637 των
240 590 311 633 καὶ
340 586 452 642 μετὰ
485 587 606 644 δίκης
635 586 712 629 τὸν
750 587 883 630 Γάιον
915 584 1213 644 ἀφαιρεῖσθαι
1245 589 1333 630 τιῦν
1365 583 1438 629 ἐπ’
1467 583 1585 642 αὐτῷ
1617 584 1777 644 εὖφρο-

129 659 266 703 συνῶν
283 657 360 711 τῆς
378 654 535 711 χώρας,
567 653 641 698 διὰ
663 654 711 697 τὸ
736 655 780 697 ἐν
801 655 918 711 ῥοπῇ
939 655 1017 709 μὲν
1037 657 1115 698 τοῦ
1138 655 1523 708 συναπολουμένου
1543 658 1778 710 γεγονέναι,

127 725 177 770 τὸ
208 724 254 768 δὲ
284 721 443 766 πιστὸν
481 724 557 765 τοῦ
596 732 817 778 περιεῖναι
856 723 1042 780 μηδέπω
1073 724 1143 765 καὶ
1176 722 1276 764 τότε
1308 721 1503 778 ἐχέγγυον
1534 724 1778 765 συνελθεῖν.

229 795 292 836 18.
316 781 395 833 Ἠν
417 790 464 832 δὲ
482 786 729 846 Εὐάρεστος
744 786 998 847 Ἀρούντιος
1018 792 1104 833 τιῦν
1121 789 1426 847 κηρυσσόντων
1442 788 1498 831 τὰ
1514 789 1779 843 πωλούμενα

128 862 198 906 καὶ
214 855 274 903 δι’
296 854 400 901 αὐτὸ
421 860 569 915 φωνῆς
590 874 637 901 τε
654 862 833 914 μεγέθει
855 858 1078 913 χριόμενος
1097 860 1168 900 καὶ
1189 857 1391 913 χρήματα
1408 859 1780 915 περιβεβλημένος

60 937 101 973 w
128 923 258 984 ὅμοια
286 935 380 977 τοῖς
406 923 642 980 (Ρωμαίων
672 927 1047 977 πλουσιωτάτοις,
1082 926 1266 980 δύναμίς
1295 941 1342 967 τε
1373 921 1488 980 ccl-tq]
1520 915 1572 980 ἦν
1604 921 1678 982 ἐφ’
1715 925 1781 977 οἷς

127 994 351 1052 ἐθελήσειε
371 993 590 1049 πράσσειν
620 994 731 1037 κατὰ
756 995 834 1052 την
856 995 990 1038 πόλιν
1021 994 1064 1037 ἔν
1094 1010 1142 1036 τε
1162 995 1224 1048 τῷ
1248 992 1348 1035 τότε
1369 988 1448 1034 κάν
1468 1001 1562 1043 τοῖς
1584 987 1780 1048 ὕστερον.

126 1058 252 1113 οὗτος
282 1061 460 1112 διαθεὶς
483 1059 616 1105 αὑτὸν
648 1059 708 1113 ὥς
739 1062 837 1120 ε’νῇν
868 1061 1228 1117 πενθιμώτατον,
1260 1064 1404 1103 καίτοι
1428 1063 1550 1114 μίσει
1571 1062 1643 1103 καὶ
1666 1056 1776 1115 παρ’

124 1127 322 1174 ὁντινοῦν
354 1128 506 1188 ἐχρῆτο
538 1130 652 1184 πρὸς
684 1129 831 1181 Γάιον,
865 1126 978 1172 ἀλλὰ
1009 1128 1094 1187 μην
1115 1132 1329 1184 κρείσσων
1360 1125 1383 1184 ἡ
1409 1128 1672 1171 διδασκαλία
1702 1130 1781 1170 τοῦ

126 1197 268 1256 φόβου
298 1198 370 1240 καὶ
403 1202 643 1255 στρατηγία
674 1199 775 1253 περὶ
809 1200 887 1240 τοῦ
907 1198 1227 1255 κερδησομένου
1258 1195 1336 1253 την
1360 1199 1581 1253 σωτηρίαν
1610 1198 1688 1252 τῆς
1719 1195 1782 1246 εἷς

58 1274 96 1310 1⁶
123 1263 174 1308 τὸ
205 1264 350 1320 παρὸν
381 1262 551 1322 ἡδονῆς,
583 1265 732 1308 πάντα
762 1265 927 1320 κόσμον
961 1264 1254 1323 ἐπιτηδεύσας
1293 1261 1353 1314 ὡς
1393 1261 1446 1306 ἄν
1481 1280 1549 1314 τις
1580 1263 1655 1306 ἐπὶ
1686 1272 1781 1314 τοῖς

124 1331 409 1387 τιμιωτάτοις
447 1332 780 1389 παρεσκεύαστο
820 1329 1126 1384 ἀπολωλόσιν,
1175 1328 1474 1388 ἀποσημαίνει
1518 1333 1596 1374 τοῦ
1644 1335 1683 1373 Γ
1682 1333 1780 1374 α’ίόυ

122 1397 198 1443 τὸν
226 1398 426 1444 θάνατον
458 1399 532 1443 ἐπὶ
564 1399 613 1443 τὸ
647 1404 840 1456 θέατρον
863 1399 1106 1456 παρελθών
1136 1402 1208 1443 καὶ
1242 1399 1433 1442 ἔπαυσεν
1468 1397 1570 1449 τοὺς
1602 1394 1781 1453 ἀνθρώ-

124 1483 236 1518 πους
272 1466 348 1511 ἐπὶ
387 1469 525 1511 πλέον
564 1464 719 1526 ἀγνοίᾳ
760 1472 1178 1525 συμπεριφέρεσθαι
1209 1470 1286 1510 τοῦ
1321 1466 1561 1524 γεγονότος.
1622 1463 1702 1523 ἤδη
1735 1466 1781 1508 δὲ

124 1536 197 1578 καὶ
234 1535 406 1592 Στήλας
440 1531 696 1592 Ἀρούντιος
735 1539 882 1593 παρῆν
923 1533 1151 1579 άνακαλιῦν
1190 1534 1292 1586 τοὺς
1333 1539 1372 1578 Γ
1371 1533 1583 1590 ερμανοὺς
1627 1536 1698 1575 καὶ
1740 1534 1781 1576 οἱ

60 1610 100 1646 21)
123 1603 341 1658 χιλίαρχοι
371 1602 450 1647 σὺν
482 1599 600 1660 αὐτῷ
629 1603 877 1654 κελεύοντες
897 1605 1231 1647 κατατίθεσθαι
1262 1601 1339 1645 τὸν
1370 1602 1550 1659 σίδηρον
1580 1602 1654 1644 καὶ
1685 1601 1782 1644 δια-

125 1673 369 1727 σαφοῦντες
400 1675 440 1714 Γ
439 1674 538 1714 α’ίόυ
567 1670 645 1727 τὴν
675 1671 892 1729 τελευτήν.
943 1673 1072 1714 τοῦτο
1103 1672 1176 1713 καὶ
1207 1673 1465 1727 σαφέστατα
1488 1669 1651 1712 ἔσωσεν
1680 1668 1784 1719 τοὺς

127 1735 172 1780 ἓν
209 1740 272 1794 τῷ
310 1738 491 1795 θεάτρῳ
533 1740 888 1796 συνειλεγμένους
925 1741 998 1782 καὶ
1040 1738 1233 1790 πάντας,
1275 1740 1319 1780 οἳ
1348 1740 1420 1780 καὶ
1452 1735 1660 1780 ὁπωσοῦν
1690 1745 1785 1786 τοῖς

126 1808 368 1862 Γερμανοῖς
393 1806 691 1863 περιτύχοιεν·
723 1805 905 1857 ἐλπίδος
925 1805 1007 1862 γὰρ
1031 1801 1180 1857 αὐτοῖς
1205 1808 1563 1862 παραγενομένης
1592 1804 1786 1859 ἔμπνουν

237 2007 395 2042 AMWE
404 2007 476 2043 Lat

239 2065 259 2097 2
283 2061 598 2111 *ἐλλιπεστέρωσ,
623 2079 634 2099 ι
658 2064 682 2098 i.
707 2074 779 2099 ras.
796 2064 830 2098 A
853 2061 1154 2109 ἐλλειπεστέρωσ
1178 2062 1267 2097 MW
1360 2065 1379 2097 6
1404 2065 1469 2108 τῆς
1490 2056 1615 2108 χάρας
1638 2062 1693 2096 ed.
1719 2072 1788 2107 pr.,

125 2119 223 2154 unde
246 2121 308 2155 καὶ
332 2122 398 2165 τῆς
418 2122 542 2166 χαρᾶς
565 2120 719 2155 Hudson
861 2115 919 2155 διὰ
946 2116 991 2155 τὸ
1018 2140 1060 2144 -
1085 2117 1297 2166 γεγονέναι]
1323 2130 1402 2154 cum
1427 2118 1476 2153 ad
1499 2122 1601 2152 tanta
1621 2117 1789 2164 pericula

125 2175 375 2220 peruenissent
398 2175 469 2211 Lat
561 2173 907 2221 συναπολουμένου]
933 2176 989 2210 ed.
1013 2187 1068 2220 pr.
1095 2172 1480 2222 συναπολογουμένου
1504 2174 1607 2211 codd.
1686 2177 1703 2208 7
1730 2187 1789 2210 συ-

129 2233 288 2272 νελθεῖν]
313 2234 520 2275 παρελθεῖν
542 2231 590 2266 W
727 2234 746 2266 8
771 2228 1030 2276 *Εὖάρεστος1
1060 2237 1190 2278 gratus
1212 2232 1285 2267 Lat
1421 2226 1677 2275 *α’ρούντινοσ
1701 2230 1789 2265 MW

129 2286 297 2321 aramius
319 2286 392 2322 Lat
505 2290 524 2322 9
548 2291 616 2324 *τε
642 2297 711 2322 om.
735 2288 775 2322 M
872 2286 1074 2334 *χρήματα
1099 2286 1432 2335 περιβεβλημένος]
1458 2287 1607 2321 indueus
1630 2286 1791 2322 uestibus

129 2343 268 2377 diuersi
288 2342 422 2377 coloris
446 2342 517 2378 Lat
611 2346 649 2377 10
673 2357 715 2380 τε
733 2355 799 2379 om.
817 2344 906 2380 MW
999 2347 1037 2378 11
1064 2341 1284 2390 ἐθελήσοιεν
1305 2344 1346 2379 Μ
1437 2340 1633 2390 πράσσειν]
1659 2342 1791 2388 αρειιιίιῗ

130 2397 203 2433 Lat
225 2395 452 2444 πιπράσκειν
474 2397 596 2433 Nabar
716 2413 758 2436 τε
782 2411 850 2436 om.
874 2401 914 2436 M
1030 2403 1072 2435 12
1097 2396 1215 2437 αὐτὸν
1239 2400 1342 2436 codd.
1368 2399 1401 2434 E
1424 2400 1651 2446 semetipsum
1674 2399 1747 2435 Lat

132 2451 404 2498 πενθιμώτατα
427 2454 460 2488 Ε
600 2457 639 2489 13
663 2449 821 2492 *ὅντινα
847 2450 914 2493 οὖν
937 2457 1025 2492 MW
1154 2459 1194 2492 16
1219 2453 1533 2503 παρεσκευάσατο
1559 2455 1648 2490 MW
1672 2469 1792 2500 παρα-

133 2508 420 2554 σκευασάμενοσ
445 2510 477 2544 Ε
502 2509 828 2557 παρεσκευάσαιτο
855 2512 907 2547 sic
926 2513 980 2548 ed.
997 2524 1054 2558 pr.
1146 2515 1300 2560 θρηνῶν
1323 2516 1408 2548 ante
1432 2510 1685 2558 α’ποσημαίνει
1709 2513 1792 2548 add.

133 2565 167 2600 Ε
259 2563 511 2612 ἀποσημαίνει
536 2569 603 2602 τοῦ
626 2566 759 2610 Γαΐου]
781 2565 845 2604 ἵνα
870 2564 1098 2615 άποσημάνη
1121 2572 1191 2606 τοῦ
1214 2568 1347 2615 γαΙίου,
1371 2569 1440 2604 litt.
1456 2566 1519 2604 ἵνα
1538 2589 1579 2592 -
1596 2582 1645 2614 γα
1669 2568 1693 2602 i.
1718 2578 1791 2603 ras.

132 2633 178 2656 m.
205 2624 225 2657 2
248 2623 283 2657 A
374 2617 656 2668 *ἀποσημαίνει
679 2643 722 2648 -
749 2627 788 2658 17
814 2621 1031 2670 παρελθὼν]
1050 2636 1275 2671 proqressns
1298 2630 1350 2660 est
1367 2626 1405 2659 in
1422 2624 1611 2665 theatrum,
1636 2629 1677 2658 nt
1699 2635 1792 2659 mor-

135 2683 204 2714 tem
226 2679 292 2724 qai
308 2678 539 2714 denuntiaret
560 2679 633 2714 Lat
748 2683 786 2714 17
813 2677 907 2716 τοὺσ
930 2691 975 2714 ex
999 2677 1043 2716 τὸ
1069 2691 1161 2716 corr.
1186 2682 1220 2715 A
1338 2684 1376 2715 13
1403 2678 1495 2726 *ἤδη
1518 2699 1562 2704 —-
1589 2682 1629 2714 19
1654 2682 1791 2727 παρῆν]

132 2733 262 2770 deinde
284 2734 391 2769 etiam
414 2739 555 2769 statuas
579 2735 745 2769 aruntius
775 2739 810 2770 et
841 2735 922 2770 loca
952 2736 1097 2781 sinqula
1122 2736 1333 2771 circumibat
1356 2737 1428 2771 Lat
1568 2738 1606 2770 19
1633 2733 1792 2781 Στήλας]

135 2786 271 2832 σύλασ,
303 2803 327 2826 σ
350 2801 394 2825 ex
419 2803 464 2826 στ
489 2801 601 2835 corn,
634 2788 655 2827 ὑ
679 2791 702 2825 i.
728 2801 800 2826 ras.
825 2792 859 2826 A
888 2792 1043 2827 στείλασ
1066 2791 1106 2826 Μ
1135 2793 1292 2828 στίλλασ
1315 2792 1348 2826 Ε
1380 2794 1531 2833 Παῦλος
1561 2791 1722 2827 Dindorf
1749 2803 1795 2828 ex

134 2845 156 2887 ξ
175 2847 238 2880 102
361 2842 618 2892 *doni-mmo
641 2846 727 2882 MW
854 2848 1016 2893 *παρῆν1
1042 2844 1186 2893 περιῄει
1210 2858 1256 2882 ex
1278 2848 1349 2883 Lat
1371 2848 1530 2883 Dindorf
1664 2850 1702 2883 21
1730 2851 1795 2885 καὶ

137 2907 206 2934 om.
229 2899 262 2935 E
399 2905 441 2937 22
476 2901 512 2939 οἳ
543 2906 606 2939 καὶ
641 2898 830 2944 ὁπωσοῦν]
863 2899 903 2939 οἵ
931 2915 1003 2949 περ
1035 2900 1083 2940 ἄν
1112 2903 1144 2938 Ε
1291 2901 1482 2945 ὁπωσοῦν]
1516 2904 1571 2939 ed.
1595 2914 1649 2948 pr.
1684 2897 1794 2941 ὅπωσ

140 2951 188 2992 ἄν
211 2957 312 2992 codd.

1813 525 1885 563 144

1815 796 1889 834 145

1815 1066 1831 1104 1
1841 1066 1892 1104 46

1816 1269 1891 1308 147

1818 1470 1894 1511 148

1817 1675 1894 1715 149
