2051 3397
597 207 758 252 ANTIQ.
785 207 880 243 IUD.
907 207 990 242 XIX
1018 211 1151 243 45—50
1175 209 1302 249 (ΓΕΒ)
1701 207 1783 244 219

122 320 176 370 ὃν
214 323 488 380 ὑποθοίμην,
529 317 859 376 εὐπρεπέστερα
897 321 943 362 δὲ
984 324 1080 372 πῶς
1120 318 1172 363 ἄν
1211 338 1278 371 τις
1316 322 1387 363 καὶ
1428 320 1659 372 δι’νναιτοςΗ
1709 323 1781 363 καὶ

123 394 301 451 Κλήμης
329 391 408 446 μὲν
438 386 498 440 ιῦς
528 386 661 431 αὑτὸν
692 384 870 431 ἀναλύει
903 387 976 431 διὰ
1010 391 1229 445 λογισμῶν
1267 391 1354 431 τῶν
1393 404 1440 430 τε
1471 384 1782 443 ἀκροαθέντων

120 464 192 505 καὶ
224 458 404 503 ὁπόσων
435 452 566 507 αὐτὸς
596 455 756 514 εἰρήκει
795 456 1158 514 περιφερόμενος.
1219 459 1417 509 Χαιρέας
1457 456 1500 497 δὲ
1543 457 1693 506 δείσας
1723 454 1783 507 (ὃς

122 528 364 585 Κορνήλιον
393 528 582 579 Σαβῖνον
620 519 824 581 ἠπείγετο
857 527 925 568 καὶ
960 520 1092 567 αὐτὸν
1122 524 1201 579 μὲν
1227 525 1454 578 χιλίαρχον
1493 520 1619 575 ὅντα,
1661 520 1784 574 ἀξιό-

17 615 21 628 1
67 602 90 636 ὅ
120 599 246 653 λογον
287 590 328 637 δ’
372 588 514 643 ἄλλως
553 591 896 646 ε”ξειι-ιστάὰιιενος
935 589 1067 635 αὐτὸν
1105 593 1176 635 καὶ
1216 594 1293 634 τοῦ
1326 590 1564 645 ἐλευθέρου
1597 590 1783 649 ἐραστήν

117 665 188 707 καὶ
218 657 279 706 δι’
307 656 410 703 αἶ’τδ
434 662 488 717 τῇ
517 660 785 703 καταστάσει
816 663 903 702 τῶν
934 659 1206 716 πραγμάτων
1237 660 1464 713 πολεμίως
1495 659 1781 713 διακείμενον,

114 730 281 788 χρῄζων
320 728 364 772 ἐκ
400 731 478 771 τοῦ
519 724 642 779 ὀξέος
690 728 873 781 ἔχεσθαι
923 730 1010 771 τιῦν
1051 727 1330 783 ἐγνωσμένων
1375 729 1453 784 τῆς
1500 726 1782 784 ἐγχειρήσεως

114 797 198 843 ὑπ’
233 793 368 841 αὐτοῦ
399 795 509 838 καλὰ
541 801 726 851 νομίσας
757 794 869 839 εἶναι
902 798 1197 851 προσθέσθαι
1229 797 1302 838 καὶ
1334 795 1436 846 δέει,
1467 793 1524 850 μὴ
1551 791 1639 837 ὑπὸ
1665 794 1782 850 Κλή-

116 879 271 920 μεντος
301 862 557 921 ἐκφοίτησις
586 867 757 919 γένοιτο
790 863 946 916 αι’-τών,
980 861 1124 914 ἄλλως
1152 880 1200 906 τε
1229 862 1309 914 τὰς
1338 862 1570 918 μελλήσεις
1600 863 1782 905 καὶτῶν

116 933 279 988 καιριῦν
308 931 390 981 τὰς
420 929 671 986 ὑπερβολὰς
702 931 816 988 πρὸς
846 934 933 974 τῶν
963 928 1360 987 ὑπερβαλλομένων
1389 933 1638 994 τιθέμενος.

230 1002 268 1043 8.
324 995 443 1042 Ἐπεὶ
483 999 529 1041 δὲ
569 995 744 1056 ἀσμένῳ
783 1002 856 1043 καὶ
894 1001 956 1055 τῷ
987 1003 1164 1056 Σαβίνῳ
1204 999 1259 1042 τὰ
1300 998 1449 1041 πάντα
1486 997 1560 1055 ήν,
1602 993 1679 1041 ἅτε·
1709 999 1782 1041 καὶ

116 1062 236 1123 αὐτῷ
269 1067 442 1124 γνώμης
472 1067 551 1121 μὲν
583 1063 657 1121 οὐχ
687 1065 942 1123 4ὑστεροῦντι
971 1069 1049 1124 τῆς
1081 1067 1190 1124 ἴσης,
1222 1063 1393 1124 ἀπορίᾳ
1424 1066 1470 1109 δὲ
1494 1065 1610 1122 πρὸς
1630 1061 1782 1110 ὅντινα

115 1133 256 1178 εἰπών
286 1130 491 1191 ἀσφαλὴς
522 1135 587 1192 εἴη
619 1134 674 1177 τὰ
705 1134 818 1190 πρὸς
849 1134 1038 1185 ἐκείνους
1077 1137 1176 1192 σιγῇ
1216 1134 1563 1191 παραδιδόντος,
1606 1132 1707 1177 ἐπεί
1734 1150 1782 1177 τε

116 1200 275 1257 ἀνδρὸς
315 1198 540 1260 ηὐπόρητο
579 1198 628 1245 οὐ
666 1201 802 1257 μόνον
840 1205 1008 1258 στέγειν
1047 1198 1110 1245 οἷν
1149 1202 1347 1246 πύθοιτο
1392 1204 1781 1266 προσθησομένου,

116 1267 228 1314 ἀλλὰ
260 1272 333 1313 καὶ
363 1269 538 1327 γνώμην
570 1271 865 1327 φανεροῦντος
894 1270 971 1326 τὴν
1003 1266 1149 1323 αὐτοῦ,
1182 1272 1335 1326 πολλῷ
1365 1272 1535 1325 μᾶλλον
1555 1268 1675 1327 ήρτο,
1707 1271 1780 1312 καὶ

115 1338 251 1396 μηδὲν
282 1337 346 1388 εἰς
376 1334 597 1392 ἀναβολὰς
627 1337 767 1381 ἐδεῖτο
798 1340 876 1381 τοῦ
907 1341 1119 1394 Χαιρέου.
1177 1342 1419 1394 τρέπονταί
1447 1355 1496 1381 τε
1525 1335 1585 1388 ὦς
1607 1341 1781 1381 ΝΙινου-

114 1406 286 1457 κιανόν,
325 1401 474 1456 αι”τοῐς
503 1406 582 1460 μὲν
613 1405 891 1462 ἐπιτηδεύσει
923 1402 1078 1464 ἀρετῆς
1108 1407 1180 1449 καὶ
1211 1409 1272 1462 τῷ
1306 1403 1508 1464 ὁμοζήλῳ
1538 1408 1616 1449 τοῦ
1646 1423 1781 1462 μεγα-

117 1473 335 1530 λόφρονος
365 1476 557 1531 συγγενῆ,
592 1477 631 1515 Γ
630 1476 714 1530 αι”ῳ
746 1470 787 1516 δ’
825 1469 1027 1517 ὕποπτον
1057 1476 1136 1532 τής
1165 1474 1376 1517 Λεπίδου
1406 1475 1629 1531 τελευτῆς,
1662 1473 1781 1517 πάνυ

114 1540 198 1596 γὰρ
229 1539 281 1598 δὴ
315 1542 438 1597 φίλοι
472 1539 668 1596 ἐγένοντο
699 1543 1002 1593 ,Μινουκιανός
1031 1558 1080 1585 τε
1118 1543 1190 1584 καὶ
1221 1541 1450 1594 Λέπιδος,
1490 1543 1564 1585 καὶ
1604 1541 1781 1606 δείματι

113 1607 323 1651 κινδύνων
361 1610 448 1650 τῶν
485 1604 596 1651 καθ’
642 1605 787 1652 αὖτόν.
855 1611 972 1652 πᾶσι
1006 1608 1089 1666 γὰρ
1127 1619 1221 1660 τοῖς
1261 1608 1306 1652 ἕν
1343 1611 1460 1652 τέλει
1499 1608 1692 1667 φοβερὸς
1728 1608 1780 1667 ἠν

115 1675 264 1728 Γάιος,
297 1672 357 1726 ὥς
388 1672 460 1718 ἐπ’
496 1671 630 1719 αὐτὸν
662 1676 843 1720 ἕκαστον
872 1679 946 1720 καὶ
977 1677 1092 1734 πρὸς
1122 1673 1329 1728 οὕστινας
1348 1679 1403 1734 τῇ
1423 1682 1562 1735 μανίᾳ
1583 1680 1782 1736 χρῆσθαι

225 1843 383 1879 ΑΜΨΕ
393 1843 465 1878 Lat

228 1903 242 1934 1
271 1895 510 1945 *ὑποθείμην
534 1899 621 1934 ΜΨ
726 1902 745 1933 2
772 1895 890 1935 αὐτὸν
914 1900 1018 1935 codd.
1045 1900 1077 1934 E
1186 1899 1245 1937 διὰ
1269 1920 1311 1924 -
1338 1904 1357 1935 3
1383 1898 1686 1948 περιφερόμενος
1711 1911 1780 1936 om.

111 1953 144 1990 E
237 1958 256 1990 3
283 1952 434 1991 ὁπόσον
457 1955 545 1990 ΜΨ
638 1958 658 1989 4
684 1956 873 1990 *salanum
897 1956 1095 1991 cornelium
1119 1960 1165 1992 tr.
1181 1957 1254 1992 Lat
1347 1962 1366 1991 5
1390 1957 1457 1994 *δὲ
1481 1957 1568 1992 ΜΨ
1661 1953 1780 1994 αὐτὸν

113 2023 182 2049 om.
206 2012 239 2048 Ε
309 2014 328 2047 6
354 2007 404 2048 δι’
429 2007 538 2054 αὐτὸ]
563 2008 620 2049 διὰ
646 2009 691 2048 τὸ
717 2011 816 2055 ΜΨ,
841 2022 910 2047 om.
936 2012 968 2047 E
987 2016 1189 2059 propterea
1214 2014 1285 2048 Lat
1361 2017 1379 2048 7
1403 2011 1557 2061 χρῄζων
1581 2035 1622 2040 -—
1650 2017 1669 2048 8
1695 2014 1778 2056 δέει]

113 2079 206 2115 opus
228 2069 351 2114 itaque
372 2072 527 2114 putans,
552 2074 592 2103 ut
616 2068 781 2103 celeriter
805 2079 900 2114 quae
922 2069 1108 2114 coyitabat
1132 2070 1327 2116 inciperet,
1354 2076 1575 2116 oportunum
1600 2076 1654 2107 est
1676 2077 1780 2106 ratus

113 2130 154 2159 ut
177 2134 257 2159 cum
281 2134 322 2158 eo
345 2135 420 2159 rem
444 2125 721 2160 communicaret
745 2125 903 2160 maxime
927 2125 1056 2160 timore
1080 2126 1150 2161 Lat
1244 2121 1364 2169 ὀξέωσ
1381 2125 1504 2161 ΜΨΕ
1598 2131 1617 2162 8
1642 2123 1711 2165 ὑπ’
1735 2149 1778 2153 -

113 2179 357 2227 προσθέσθαι
381 2190 448 2215 om.
474 2180 506 2215 E
608 2178 718 2223 καλὰ]
741 2181 862 2218 καλὸν
885 2181 973 2216 ΜΨ
1077 2184 1097 2216 9
1120 2181 1272 2228 γένηται
1297 2183 1330 2217 Ε
1420 2180 1626 2228 *μελήσεισ
1650 2183 1688 2217 Μ

117 2239 156 2270 10
182 2232 410 2283 ὑπερβολὰς]
436 2231 635 2283 α’ναβολὰσ
652 2237 774 2272 ΜΨΕ
847 2241 884 2273 11
912 2234 1065 2282 ἂσμένω
1082 2249 1127 2273 ex
1144 2249 1235 2274 corr.
1254 2240 1288 2274 A
1311 2235 1490 2285 ἆσμένωσ
1506 2240 1538 2274 Ε
1612 2242 1652 2274 12
1677 2237 1781 2277 ὕστε-

117 2293 258 2337 ροῦντι]
287 2288 520 2338 ὑστεριοῦντι
543 2292 577 2327 A
605 2289 791 2339 ὺστεροῦν
819 2293 907 2328 ΜΨ
1044 2295 1114 2330 litt.
1149 2298 1268 2332 ιοῦντι
1300 2298 1370 2342 τῆσ
1392 2296 1423 2333 ἰ.,
1440 2308 1514 2332 ras.
1537 2307 1584 2331 m.
1611 2299 1630 2331 2
1655 2298 1688 2331 A

117 2343 261 2397 ἀπορίᾳ
289 2367 333 2373 —-
368 2351 408 2383 16
435 2346 704 2390 Μινουκιανόν]
736 2354 821 2384 tunc
853 2350 995 2396 quidem
1029 2354 1148 2386 tacere
1170 2363 1208 2387 se
1233 2352 1328 2388 dixit
1353 2357 1386 2387 ct
1410 2352 1459 2388 ad
1482 2353 1620 2388 nullum
1645 2353 1689 2388 cle
1714 2352 1780 2388 tali

115 2414 156 2438 re
179 2414 282 2438 suam
299 2404 479 2449 proferre
502 2404 743 2448 uoluntatem,
776 2406 807 2441 si
840 2417 926 2442 uero
951 2411 1090 2453 tempus
1113 2412 1149 2444 et
1171 2407 1347 2444 hominem
1372 2410 1662 2451 nancisceretur,
1695 2412 1780 2444 tunc

115 2469 188 2493 non
219 2459 334 2495 solnm
365 2459 545 2495 silentium
577 2460 796 2496 abiecturum
831 2462 896 2497 secl
926 2463 1032 2498 eciam
1063 2474 1167 2499 suam
1202 2465 1426 2501 uoluntatem
1459 2466 1780 2510 manzfestaturum

115 2525 192 2550 esse
211 2515 392 2561 firmabat.
429 2515 493 2550 sed
515 2517 547 2550 si
571 2516 712 2562 aliquid
734 2518 889 2554 uiriliter
912 2520 1030 2565 inquit
1045 2521 1211 2556 uolumus
1227 2521 1387 2567 efficere,
1411 2521 1506 2556 m'lzit
1518 2522 1694 2557 dilatione
1716 2533 1780 2569 pe-

114 2571 213 2605 nitus
236 2570 349 2606 detur.
392 2570 448 2606 his
471 2572 585 2618 ἐρίων
607 2573 714 2608 dictis
736 2574 869 2610 exinde
893 2581 1158 2612 conuertuntur
1181 2578 1232 2613 ad
1252 2578 1496 2614 minucianum
1519 2579 1593 2614 Lat
1685 2574 1779 2615 ἄπο-

115 2628 206 2672 ρίασ
232 2627 316 2660 MW
412 2621 531 2664 ὅντιν’
556 2625 605 2664 ἄν
630 2629 723 2664 coni.
827 2633 867 2666 13
892 2630 1138 2678 παραδιδόντι
1163 2634 1308 2670 Bekker
1409 2633 1492 2671 ἐπεί
1515 2638 1569 2676 τε]
1593 2633 1675 2671 ἐπεὶ
1700 2628 1779 2678 οὖν,

113 2683 183 2719 litt.
210 2685 243 2720 εὶ
268 2677 336 2720 οὖν
358 2684 382 2718 i.
400 2694 471 2719 ras.
489 2685 698 2730 angustiore
722 2686 755 2720 A
848 2690 889 2722 14
912 2684 979 2724 *οὐ
995 2709 1039 2714 -
1058 2692 1097 2724 15
1115 2683 1208 2737 ἦρτο
1228 2701 1296 2726 om.
1315 2691 1352 2724 M
1426 2691 1583 2737 στέγειν]
1609 2690 1780 2737 στέργειν

115 2739 182 2774 AE
253 2733 318 2781 ὧν]
343 2736 368 2777 ἅ
395 2740 427 2775 Ε
521 2741 851 2789 προσθησομένου]
875 2744 1192 2791 προσθεμένουΕ
1286 2749 1327 2781 16
1351 2745 1483 2789 ἐδεῖτο]
1509 2745 1628 2783 ἐδεῖτο
1654 2752 1780 2784 ποιεῖν

115 2794 149 2830 Ε
255 2797 324 2832 *τε
349 2807 416 2832 om.
441 2796 488 2831 W
601 2800 641 2832 18
665 2801 852 2844 *συγγενῆ
874 2819 917 2824 -
942 2803 1126 2846 τελευτῆς]
1152 2804 1460 2848 consanquineum
1486 2808 1602 2838 tamen
1628 2804 1695 2849 qai
1715 2803 1781 2839 sed

114 2857 318 2897 suspectum
340 2857 494 2899 propter
517 2859 667 2889 mortem
692 2854 805 2900 lepidi
824 2854 897 2890 Lat
1007 2855 1124 2905 Γαΐῳ]
1148 2857 1182 2892 Ε
1205 2857 1318 2904 γαΐου
1341 2859 1447 2894 codd.
1548 2859 1587 2896 δὲ
1610 2859 1732 2896 ΜΨΕ

117 2907 160 2940 20
183 2906 375 2951 κινδύνων]
400 2908 432 2944 Ε
455 2907 677 2946 κινδυνεύων
693 2911 797 2945 codd.
820 2911 1100 2957 periclitabatur
1115 2912 1187 2948 Lat
1278 2910 1397 2951 αὐτόν
1412 2914 1446 2950 Α
1470 2911 1599 2958 αὑτόν,
1624 2916 1687 2952 oi.
1704 2926 1776 2952 ras.

117 2960 156 2996 M
181 2957 320 3000 αὖτούσ
342 2964 375 2999 Ε
468 2968 509 3001 21
534 2961 601 3002 ἐπ’
627 2963 746 3004 αὐτὸν
768 2967 792 3002 i.
817 2978 889 3003 raS.
914 2967 954 3002 M
977 2964 1044 3005 ἐπ’
1068 2964 1196 3006 αὐτῶν
1218 2970 1275 3005 ed.
1300 2981 1354 3016 pr.

1815 326 1866 364 46

1813 733 1865 770 47

1813 1003 1865 1042 48

1812 1344 1865 1383 49

1812 1616 1864 1654 50
