2051 3397
48 949 85 983 10

49 1289 84 1321 15

49 1628 86 1660 20

627 214 819 251 IOSEPHI
845 214 962 251 VITA
987 217 1165 250 344—350
1189 216 1258 256 (⁴15)
1693 210 1771 250 377

115 331 185 374 ὅτι
218 329 270 373 σὺ
301 328 379 386 την
410 328 607 384 πατρίδα
634 325 857 383 Ῥωμαίων
897 324 1173 386 ἀπέστησας,
1213 323 1274 370 ῶν
1313 326 1366 368 τὰ
1406 324 1617 381 τεκμήρια
1655 320 1772 380 κᾶγιι)

115 397 302 455 δηλώσω
341 396 440 452 μετ’
468 392 630 451 ὀλίγον.
690 396 907 451 βούλομαι
951 393 992 438 δ’
1030 396 1173 438 εἰπεῖν
1211 397 1282 438 καὶ
1325 393 1437 450 πρὸς
1475 392 1578 444 τοὺς
1618 389 1776 443 ἄλλους
1808 399 1815 432 2

121 470 339 521 Τιβεριεῖς
369 465 496 520 ὀλίγα
528 463 602 507 διὰ
635 464 683 506 σὲ
714 466 784 507 καὶ
817 466 1103 520 παραστῆσαι
1134 471 1228 513 τοῖς
1251 461 1520 518 ἐντυγχάνειν
1541 462 1775 515 μέλλουσιν

115 543 212 585 ταῖς
244 534 474 587 ἱστορίαις,
505 527 576 574 ὅτι
606 532 714 589 μητι-
747 532 1046 589 ιῙιλορῶμαιοι
1077 531 1186 587 μήτε
1211 530 1520 588 φιλοβασιλεῖς
1549 528 1776 584 γεγόνατε·

114 604 202 645 τῶν
233 601 277 644 ἐν
306 603 359 657 τι]
396 600 613 656 Γαλιλαίᾳ
646 600 818 643 πόλεων
859 600 903 642 αἱ
944 602 1147 654 μέγισται
1179 601 1420 654 Σέπφωρις
1458 598 1530 639 καὶ
1567 595 1775 650 Τιβεριὰς
1807 627 1815 637 .

117 667 138 727 ἶ
181 668 230 725 σὴ
275 672 459 723 πατρίς,
500 658 534 709 ῶ
563 664 735 711 Ἰοῖ-στι.
797 664 909 710 ἀλλὰ
941 670 1182 725 Σέπφωρις
1219 666 1299 720 μὲν
1338 664 1383 707 ἐν
1419 666 1483 720 τῷ
1521 663 1776 719 μεσαιτάτη

114 740 191 795 τῖς
224 737 467 786 Γαλιλαίας
507 738 679 792 κειμένη
720 737 791 778 καὶ
834 736 935 790 περὶ
970 731 1103 792 αἰτην
1133 733 1283 788 κώμας
1314 732 1472 786 ἔχουσα
1504 730 1674 780 πολλὰς
1704 735 1778 773 καί

114 823 157 848 τι
179 807 252 849 καὶ
272 803 586 860 θρασίνεσϋαι
609 805 658 845 δι
654 806 824 860 ιαμέιη
850 802 964 858 πρὸς
981 800 1220 856 Ῥωμαίους
1251 817 1378 856 ειπερ
1411 796 1628 858 ηθέλησεν
1660 815 1777 852 ευχε-

115 875 216 928 ριῦς,
249 873 505 928 διεγνωκυῖα
534 874 587 927 τῇ
619 871 734 927 πρὸς
762 888 865 922 τοις
897 870 1119 920 δεσπότας
1150 868 1350 924 ἐμμένειν
1381 872 1533 911 πίστει
1562 862 1672 921 κάμὲ
1702 869 1778 922 τῆς

115 940 291 991 πόλεως
322 935 466 982 αἰτῶν
497 939 540 990 ἐς
525 939 711 983 ζέκ2εισε
740 942 811 983 καὶ
845 938 1210 995 στρατεύσασθαί
1229 954 1329 980 τινα
1350 938 1438 978 τῶν
1459 937 1655 978 πολιτῶν
1671 930 1778 978 Ἰου-

116 1008 261 1058 δαίοις
292 1006 518 1051 ἔκιόλισει.
570 1003 696 1058 όπως
728 1007 774 1050 δὲ
805 1009 877 1050 καὶ
907 1006 962 1049 τὰ
994 1005 1108 1061 πρὸς
1139 1002 1254 1061 ἡμᾶς
1279 1000 1497 1061 ασφαλεῖς
1528 1020 1627 1055 ειεν,
1657 998 1778 1059 ἠπά-

114 1075 252 1133 τησάν
282 1091 337 1130 με
365 1080 552 1129 τείχεσιν
595 1072 737 1118 αὐτῶν
766 1074 845 1133 την
887 1074 1021 1118 πόλιν
1057 1069 1277 1128 ὀχυρῶσαι
1310 1075 1664 1128 προτρέψαντες,
1705 1073 1778 1113 καὶ

115 1143 240 1198 παρὰ
272 1147 463 1187 Κεστίου
500 1143 667 1186 Γάλλου
708 1145 786 1186 τοῦ
824 1145 912 1185 τῶν
944 1142 988 1185 ἐν
1017 1143 1071 1198 τῇ
1102 1145 1242 1197 Συρίᾳ
1267 1138 1516 1195 Ῥωμαϊκῶν
1545 1138 1779 1195 ταγμάτων

114 1209 454 1268 ἡγεμονεύοντος
495 1209 693 1268 φρουρὰν
737 1211 907 1261 ἑκόντες
952 1210 1178 1262 ἐδέξαντο,
1216 1207 1629 1266 καταφρονήσαντες
1674 1206 1779 1260 ἐμοῦ

114 1279 214 1323 τότε
244 1282 356 1335 μέγα
387 1279 629 1332 δυναμένου
660 1281 733 1322 καὶ
774 1282 914 1322 πᾶσιν
944 1274 1003 1322 δι’
1036 1277 1285 1334 ἐκπλήξεως
1315 1273 1454 1326 ὄντος.
1514 1275 1779 1328 πολιορκου-

115 1350 247 1405 μένης
285 1364 334 1390 τε
371 1349 448 1404 τῆς
487 1351 696 1404 μεγίστης
724 1344 848 1403 ἡμῶν
879 1346 1055 1396 πόλεως
1081 1343 1405 1434 Ἱεροσολύμωηῖν
1422 1345 1495 1386 καὶ
1525 1345 1602 1385 τοῦ
1631 1344 1781 1385 κοινοῦ

116 1415 297 1458 πάντων
329 1415 448 1469 ἱεροῦ
478 1414 804 1465 κιιδινεύοντος
836 1414 880 1457 ἐν
909 1417 964 1471 τῆ
994 1416 1082 1456 τῶν
1106 1414 1335 1467 7.το2εμι’ων
1358 1411 1536 1468 ἐξουσία
1569 1412 1781 1465 γενέσθαι

116 1486 367 1538 συμμαχίαν
389 1478 466 1525 οἰκ
487 1482 697 1537 ε’πεμψαν
722 1482 779 1538 μὴ
802 1478 1066 1537 βουλόμενοι
1096 1482 1238 1524 δοκεῖν
1268 1479 1379 1523 κατὰ
1407 1477 1630 1533 Ῥωμαίων
1661 1477 1781 1520 ὅπ2α

118 1551 282 1606 λαβεῖν.
342 1547 365 1606 ἦ
410 1550 455 1593 δὲ
495 1550 548 1608 σι]
590 1554 774 1607 πατρίς,
816 1549 849 1592 u}
880 1546 1064 1602 Ιουστε,
1100 1552 1272 1605 κειμένη
1315 1547 1359 1590 ἐν
1398 1550 1451 1603 τι]
1493 1545 1783 1603 Γεννησαρίδι

116 1621 245 1675 λίμνῃ
285 1620 358 1662 καὶ
398 1613 626 1672 απέχουσα
656 1618 820 1662 Ἵππου
860 1619 940 1673 μὲν
979 1617 1139 1660 στάδια
1175 1615 1432 1670 τριάκοιτα,
1482 1612 1695 1668 Γαδάρων
1736 1612 1782 1655 δὲ

119 1685 339 1744 ἑξήκοντα,
371 1685 699 1737 Σκυθοπόλεως
731 1687 778 1730 δὲ
800 1687 940 1729 εἴκοσι
970 1687 1043 1728 καὶ
1074 1683 1229 1727 ἑκατὸν
1258 1686 1337 1739 τῆς
1366 1681 1563 1740 ὑπηκόου
1592 1682 1781 1736 βασιλεῖ,

119 1755 338 1811 μηδεμιᾶς
368 1754 415 1797 δὲ
446 1754 623 1805 πόλεως
647 1750 872 1797 Ἰουδαίων
903 1755 1248 1809 παρακειμένης,
1286 1751 1325 1794 εἰ
1362 1747 1523 1807 ἤθελεν
1560 1748 1639 1805 τὴν
1670 1746 1783 1802 πρὸς

115 1819 354 1876 Ῥωμαίους
384 1826 538 1865 πίστιν
570 1821 832 1879 φυλάττειν,
871 1821 1037 1878 ῥαδίως
1068 1820 1263 1863 ἐδύνατο.
1323 1821 1397 1862 καὶ
1426 1817 1509 1874 γὰρ
1540 1815 1680 1867 πολὺς
1709 1807 1784 1873 ἦτε

122 1890 259 1946 δῆμος
298 1891 371 1933 καὶ
410 1889 563 1932 ὅπλων
602 1884 845 1944 ευπορεῖτε.
906 1884 1024 1941 ἄλλ’,
1063 1885 1121 1939 ὠς
1159 1886 1211 1930 σὺ
1244 1887 1351 1944 φής,
1392 1886 1536 1935 αι’τιος
1567 1882 1668 1939 ὑμῖν
1700 1883 1782 1939 eyn)

116 1956 232 1999 τότε.
290 1955 402 2011 μετὰ
441 1959 580 2000 ταῦτα
612 1957 659 1999 δὲ
704 1959 793 2009 τίς,
834 1946 869 1998 ῶ
902 1951 1088 2009 Ιοῦστε,·
1129 1954 1217 2011 πρὸ
1256 1953 1340 2010 γὰρ
1369 1956 1448 2011 τῆς
1472 1950 1785 2007 Ἱεροσο2ύμων

121 2024 384 2080 πολιορκίας
406 2021 572 2075 οἶδας
551 2023 640 2067 υπὸ
661 2021 892 2078 Ῥωμαίοις
923 2023 999 2078 εμὲ
1023 2023 1270 2079 γενόμενον,
1302 2024 1376 2065 καὶ
1392 2018 1645 2065 Ιωτάπατα
1674 2037 1785 2062 κατα

121 2091 280 2146 κράτος
321 2093 554 2150 ληφθέντα
595 2091 789 2149 φρούριά
828 2108 877 2134 τε
916 2091 1084 2144 πολλά,
1125 2090 1268 2133 πολύν
1297 2106 1345 2133 τε
1376 2090 1628 2133 Γαλιλαίων
1659 2084 1787 2141 ὄχλον

233 2225 422 2260 PRAMW

239 2284 255 2316 1
273 2279 454 2328 τεγμήρια
471 2281 500 2315 P
563 2283 583 2315 2
599 2281 638 2318 δὲ
654 2281 743 2315 ΜΨ
805 2283 824 2314 3
843 2277 1102 2326 παραστήσειν
1113 2280 1142 2314 P
1204 2275 1427 2325 ἐντυγχάναι
1443 2276 1629 2322 μέλλουσι,
1642 2290 1668 2320 μ
1681 2277 1705 2310 i.
1716 2286 1788 2311 ras.

122 2337 163 2372 M
232 2340 255 2372 4
278 2337 459 2384 γεγόνασι
482 2337 516 2372 R
539 2376 545 2379 ,
586 2340 604 2370 5
629 2337 782 2383 μέγιστε
807 2337 854 2371 W
925 2349 1124 2383 σεμφωρισ
1147 2336 1175 2371 Ρ
1246 2337 1266 2369 6
1292 2330 1489 2380 σεμφώρισ
1513 2332 1541 2367 P
1614 2334 1633 2366 8
1657 2335 1704 2373 τι]
1729 2344 1789 2368 τοι

121 2393 162 2429 Μ
232 2394 336 2440 πρὸσ
360 2393 560 2441 ῥωμαίουσ
583 2392 766 2438 δυναμένη
787 2395 832 2429 tr.
856 2392 886 2427 P
965 2396 984 2427 9
1009 2388 1117 2438 κάμὲ]
1141 2394 1206 2428 καὶ
1228 2390 1294 2436 ἐμὲ
1311 2392 1344 2426 Α
1417 2385 1515 2434 κάμὲ
1538 2391 1614 2434 τῆς]
1640 2390 1704 2424 καὶ
1726 2400 1790 2432 με·

123 2452 258 2498 γίστησ
274 2450 303 2484 P
375 2453 414 2486 10
441 2445 608 2486 αὖτὸνΒ,
682 2452 718 2484 11
737 2445 796 2490 τὰ]
822 2445 895 2486 τὰσ
911 2449 999 2483 ΜΨ
1070 2445 1242 2495 οἷσφαλὲσ
1263 2446 1382 2483 ΡΜΨ
1407 2441 1583 2493 ιῖσφαλὴσ
1599 2446 1632 2479 Α
1701 2440 1789 2485 εἷεν]

124 2505 179 2554 εἴη
196 2508 229 2542 Α
253 2503 349 2544 εἶναι
365 2506 454 2541 ΜΨ
522 2501 691 2552 ἧπάτησέ
706 2505 795 2540 ΜΨ
867 2509 907 2540 13
931 2506 1095 2549 κεστιόυ,
1111 2519 1134 2540 κ
1150 2505 1174 2539 i.
1192 2514 1278 2548 ras„
1295 2517 1317 2540 τ
1333 2503 1453 2549 suppl.
1471 2503 1504 2537 A
1572 2499 1614 2537 ἐν
1637 2502 1695 2545 τῇ]
1721 2503 1791 2545 τῆσ

123 2563 188 2600 PR
265 2564 400 2610 συρίασ
423 2563 457 2598 R
480 2563 558 2605 (sic)
635 2559 871 2608 πραγμάτων
894 2561 1028 2605 ΑΜΨ,
1052 2561 1076 2595 i.
1101 2571 1212 2606 marg.
1238 2574 1286 2607 γρ
1310 2556 1516 2606 ταγμάτων
1540 2559 1573 2592 Α
1645 2560 1687 2592 14
1710 2552 1791 2602 ἦγε-

124 2616 357 2666 μονεύοντεσ
380 2619 410 2653 P
433 2615 765 2665 ἧγεμονεὺσαντοσ
786 2617 908 2652 AMW
1013 2614 1182 2659 ἑκόντεσ,
1207 2629 1273 2653 τεσ
1295 2617 1320 2651 i.
1345 2627 1417 2652 ras.
1441 2616 1481 2650 M
1573 2612 1790 2655 ἐνεδέξαντο

124 2676 224 2712 PRA
236 2675 455 2719 ε’σεδέξαντο
470 2675 564 2710 coni.
630 2678 670 2709 15
683 2674 792 2720 μέγα]
809 2670 955 2720 μεγάλα
972 2673 1059 2708 ΜΨ
1123 2676 1165 2708 16
1183 2677 1236 2715 τε]
1254 2669 1344 2709 τότε
1356 2672 1385 2706 Ρ
1403 2671 1442 2707 δὲ
1455 2670 1543 2705 MW
1556 2669 1595 2706 δὲ
1611 2666 1702 2705 τότε
1714 2669 1747 2703 Α

129 2758 170 2791 19
195 2734 444 2802 γεῖησαρίτιδι
467 2755 501 2788 Α
524 2753 798 2800 γεννησαρίτιδι
821 2751 909 2787 ΜΨ
978 2755 1021 2786 20
1045 2754 1164 2788 ἰ’πποῦ
1187 2752 1221 2785 Α
1245 2747 1389 2796 ἰόππησ
1412 2750 1446 2784 R
1523 2751 1561 2783 21
1589 2750 1704 2795 βασιλ
1707 2748 1793 2783 είασ

125 2812 250 2847 ΑΜΨ
342 2813 385 2845 22
411 2810 449 2846 δὲ
473 2821 542 2846 om.
567 2809 690 2844 RMW
783 2810 825 2842 23
851 2804 1053 2854 φυλάττειν
1076 2818 1144 2843 om.
1169 2806 1204 2841 R
1304 2804 1427 2851 ῥάιωσ
1450 2807 1483 2840 Α
1575 2799 1692 2844 πολὺς
1715 2796 1792 2848 ἦτε]

127 2865 263 2904 πόλεισ
285 2861 351 2914 ἦτε
374 2868 438 2903 καὶ
454 2868 488 2901 Α
513 2862 557 2902 οὗ
581 2863 696 2902 πόλισ
713 2862 800 2901 οὔτε
816 2864 905 2899 ΜΨ
980 2867 1024 2898 24
1047 2859 1248 2909 ηὖπορεῐτε
1266 2862 1332 2897 RA
1357 2856 1519 2907 εὐπορία
1536 2859 1624 2895 ΜΨ
1693 2854 1792 2903 υμῖν]

129 2924 222 2960 coni.
245 2920 342 2970 ἤμην
364 2923 463 2959 PRA
486 2918 592 2966 ὑμῶν
610 2921 697 2956 MW
769 2923 811 2955 25
836 2919 1132 2966 ἱεροσολυμιτῶν
1148 2918 1236 2953 MW
1306 2921 1348 2952 26
1375 2915 1456 2954 οῖδα
1474 2916 1503 2951 Ρ
1572 2911 1793 2956 Ἰωτάπατα]

129 2976 318 3016 ἰωτὰπίτα
342 2979 372 3014 Ρ
465 2981 506 3014 27
532 2977 735 3024 ληφθέντα]
761 2976 958 3024 φθαρέντα
982 2976 1071 3011 ΜΨ
1163 2973 1295 3016 πολύν]
1321 2970 1463 3019 πολλὴν
1478 2973 1526 3009 Ψ
1598 2969 1723 3017 ὄχλων
1746 2973 1794 3007 W

1810 1007 1889 1047 347

1811 1277 1892 1319 348

1813 1549 1894 1589 349

1816 1819 1896 1860 350
