2074 3392
210 179 290 218 140
721 183 882 227 ANTIQ.
905 184 1002 221 IUD.
1026 183 1149 220 XVIII
1176 189 1261 221 1-5
1286 189 1368 228 (1.1)

321 295 355 337 I.
393 300 428 337 1.
468 300 676 351 Κυρίνιος
699 296 746 339 δὲ
765 298 853 339 τῶν
875 296 938 347 εἷς
957 297 1036 354 τὴν
1055 298 1217 356 βουλὴν
1240 302 1545 354 συναγομένων
1576 295 1684 357 ἀνὴρ
1715 300 1795 351 τάς
1822 318 1871 345 τε

210 358 347 412 ἄλλας
388 358 524 418 ἀρχὰς
563 362 875 415 ἐπιτετελεκὼς
912 366 986 407 καὶ
1026 364 1100 408 διὰ
1139 369 1298 410 πασιῦν
1337 364 1524 417 ὁδεύσας
1553 361 1724 418 ὕπατος
1753 371 1872 423 γενέ-

209 431 323 472 σθαι
361 429 416 472 τά
453 447 502 473 τε
539 427 652 474 ἀλλα
689 427 908 486 ἀξιώματι
941 435 1078 488 μέγας
1108 431 1186 476 σὺν
1216 429 1382 490 ὀλίγοις
1412 433 1489 477 ἐπὶ
1519 438 1681 490 Συρίας
1709 437 1870 492 παρῆν,

197 492 286 538 ὕπὸ
319 500 549 554 Καίσαρος
581 499 860 556 δικαιοδότης
896 502 974 543 τοῦ
1015 499 1175 551 ἔθνους
1215 497 1548 557 ἀπεσταλμένος
1577 503 1650 545 καὶ
1687 501 1872 560 τιμητὴς

145 569 169 606 2
200 565 288 606 τῶν
335 563 497 608 οὐσιῶν
540 566 852 624 γενησόμενος,
899 566 1152 618 Κωπώνιός
1197 585 1244 612 τε
1288 565 1407 625 αὐτῷ
1451 573 1874 626 συγκαταπέμπεται

143 840 165 878 3

144 1181 168 1217 4

144 1385 167 1423 Q!

199 631 422 687 τάγματος
452 635 540 677 τῶν
573 634 773 686 ἱππέων,
816 632 1082 692 ἡγησόμενος
1107 630 1332 679 Ἰουδαίων
1369 638 1424 693 τῇ
1463 635 1539 680 ἐπὶ
1580 639 1722 680 πᾶσιν
1753 635 1872 688 ἐξου·

199 703 289 756 σίᾳ.
348 703 497 758 παρῆν
529 701 576 744 δὲ
605 704 679 745 καὶ
711 706 919 757 Κυρίνιος
950 702 1014 753 εἷς
1043 701 1120 759 τὴν
1144 698 1361 746 Ἰουδαίαν
1391 704 1654 761 προσθήκην
1684 706 1761 760 τῆς
1787 708 1872 747 Συ-

199 769 298 823 ρίας
327 771 560 826 γενομένην
593 765 982 827 ἀποτιμησόμενός
1018 786 1067 813 τε
1110 765 1253 813 αὐτῶν
1290 770 1369 821 τὰς
1399 769 1554 822 οὐσίας
1583 773 1656 815 καὶ
1689 767 1872 814 ἀποδιο-

203 834 388 889 σόμενος
425 835 480 878 τὰ
515 832 754 893 Ἀρχελάου
791 837 1006 894 χρήματα.
1066 837 1108 880 οἱ
1151 838 1198 881 δὲ
1236 842 1396 895 καίπερ
1436 838 1485 882 τὸ
1526 835 1625 882 κατ’
1661 834 1798 895 ἀρχὰς
1828 838 1873 883 ἓν

202 902 333 959 δεινῷ
363 906 572 961 φέροντες
601 903 680 962 τὴν
714 903 790 948 ἐπὶ
819 914 919 956 ταῖς
959 901 1247 963 ἀπογραφαῖς
1286 901 1496 963 ἀκρόασιν
1534 905 1873 964 ὑποκατέβησαν

197 973 276 1013 τοῦ
314 970 372 1027 μὴ
416 971 479 1022 εἰς
518 973 654 1015 πλέον
694 971 1010 1016 ἐναντιοῦσθαι
1050 977 1292 1024 πείσαντος
1332 969 1492 1024 αὐτοὺς
1528 977 1606 1018 τοῦ
1637 970 1874 1031 ἀρχιερέως

193 1033 446 1095 Ἰωαζάρου,
487 1041 672 1097 Βοηθοῦ
713 1040 760 1083 δὲ
799 1036 926 1091 οὗτος
957 1040 1054 1091 υἱὸς
1084 1032 1149 1096 ἦν.
1210 1043 1283 1084 καὶ
1317 1042 1359 1084 οἱ
1389 1042 1469 1096 μὲν
1498 1039 1765 1099 ἡττηθέντες
1794 1044 1874 1085 τοῦ

193 1102 426 1162 Ἰωαζάρου
466 1109 554 1150 τῶν
594 1108 734 1164 λόγων
775 1104 1006 1163 ἀπετίμων
1047 1108 1103 1151 τὰ
1140 1109 1345 1166 χρήματα
1375 1109 1511 1166 μηδὲν
1541 1106 1873 1161 ἐνδοιάσαντες·

195 1169 360 1224 Ἰούδας
391 1175 437 1218 δὲ
471 1177 744 1233 Γαυλανίτης
782 1172 890 1233 ἀνὴρ
929 1175 974 1219 ἐκ
1013 1177 1189 1228 πόλεως
1231 1174 1373 1231 ὄνομα
1416 1176 1604 1231 Γάμαλα
1638 1177 1874 1221 Σάδδωκον

203 1247 452 1298 Φαρισαῖον
484 1241 849 1299 προσλαβόμενος
878 1239 1087 1299 ἠπείγετο
1121 1243 1193 1288 ἐπὶ
1229 1240 1493 1298 ἀποστάσει,
1524 1244 1602 1300 τήν
1631 1261 1679 1288 τε
1710 1240 1872 1289 ἀποτί-

199 1326 333 1368 μησιν
365 1307 491 1354 οὐδὲν
523 1308 630 1354 ἄλλο
670 1305 697 1368 ἢ
729 1308 932 1367 ἄντικρυς
964 1312 1167 1356 δουλείαν
1199 1312 1430 1370 ἐπιφέρειν
1462 1314 1660 1368 λέγοντες
1689 1314 1762 1356 καὶ,
1794 1315 1874 1370 τῆς

201 1378 459 1436 ἐλευθερίας
490 1374 565 1421 ἐπ’
602 1374 838 1435 ἀντιλήψει
870 1381 1232 1435 παρακαλοῦντες
1261 1380 1310 1424 τὸ
1345 1381 1499 1431 ἔθνος·
1542 1377 1602 1431 (ὃς
1641 1379 1874 1436 παρασχὸν

198 1447 277 1501 μὲν
307 1449 558 1503 κατορθοῦν
590 1446 654 1497 εἷς
682 1446 731 1490 τὸ
757 1444 967 1503 εὔδαιμον
990 1444 1274 1507 ἀνακειμένης
1294 1451 1370 1506 τῆς
1399 1448 1604 1506 κτήσεως,
1637 1449 1874 1506 σφαλεῖσιν

200 1515 246 1557 δὲ
276 1517 355 1557 τοῦ
384 1514 545 1572 ταύτης
577 1515 812 1571 περιόντος
843 1511 1021 1572 ἀγαθοῦ
1056 1516 1187 1571 τιμὴν
1225 1518 1299 1559 καὶ
1329 1518 1454 1566 κλέος
1484 1517 1765 1572 ποιήσεσθαι
1794 1517 1873 1559 τοῦ

198 1583 549 1642 μεγαλόφρονος,
580 1585 654 1626 καὶ
684 1582 734 1626 τὸ
767 1587 898 1627 θεῖον
931 1580 1007 1627 οὔκ
1039 1581 1182 1635 ἄλλως
1210 1578 1238 1641 ἢ
1271 1584 1347 1627 ἐπὶ
1380 1583 1631 1640 συμπράξει
1661 1585 1748 1626 τῶν
1767 1586 1873 1639 βου-

200 1651 427 1706 λευμάτων
459 1651 521 1702 εἷς
550 1651 599 1695 τὸ
632 1654 882 1708 κατορθοῦν
915 1655 1350 1708 συμπροθυμεῖσθαι
1372 1653 1552 1706 μᾶλλον,
1586 1645 1638 1694 ἀν
1668 1651 1871 1707 μεγάλων

314 1834 334 1875 ξ
363 1836 374 1866 l
405 1848 448 1860 =
474 1832 555 1868 bell.
581 1832 657 1868 Iud.
684 1833 718 1867 II
747 1837 821 1868 117.

313 1991 713 2027 AMWELatZonaras
737 1992 754 2026 I
777 2004 812 2037 p.
840 1996 906 2027 474
931 1991 1111 2027 Eusebius
1136 1991 1220 2026 hist.
1247 1991 1334 2026 eccl.
1361 1991 1377 2025 I
1404 1994 1434 2025 5.
1461 1995 1492 2026 4.
1520 1991 1598 2026 Exc
1622 1991 1778 2027 Peiresc.

313 2047 473 2094 φλατίὀυ
498 2047 667 2094 ἶωσήπου
692 2046 906 2095 (ἰωσήππου
930 2050 990 2091 A¹)
1016 2048 1208 2094 ἰουδαϊκῆσ
1233 2042 1512 2093 ἀρχαιολογίασ
1530 2046 1580 2093 ιη’
1605 2045 1739 2094 (λόγοσ
1756 2045 1806 2094 ιη’
1825 2049 1871 2090 A)

198 2105 440 2150 praemittunt
462 2104 537 2140 AM
678 2109 691 2140 1
718 2105 742 2139 i.
769 2116 878 2150 marg.
904 2104 930 2140 Ι
946 2105 1018 2141 Lat
1157 2105 1334 2150 Κυρίνιος
1357 2124 1400 2129 -
1426 2108 1444 2138 5
1469 2102 1723 2150 γενησόμενος
1746 2103 1875 2140 laudat

198 2162 322 2197 Euseb
417 2159 607 2208 Κυρήνιοσ
631 2161 788 2196 ΑΜΨΕ
798 2162 875 2197 Eus
901 2162 1070 2208 cyrenius
1086 2165 1127 2196 ut
1150 2160 1225 2196 uid.
1250 2161 1320 2196 Lat
1412 2155 1520 2206 ἀνὴρ]
1547 2156 1696 2206 ἀνδρῶν
1719 2160 1873 2196 Eusebii

199 2219 304 2254 codd.
330 2218 398 2253 ΑΕ
523 2221 541 2252 2
566 2220 630 2254 καὶ
654 2214 712 2254 διὰ
737 2238 782 2242 -
806 2218 996 2264 γενέσθαι]
1021 2222 1056 2252 et
1073 2229 1146 2264 per
1170 2223 1320 2252 cunctas
1344 2217 1691 2252 amministrationes
1715 2216 1764 2251 ad
1787 2227 1870 2252 con-

198 2275 338 2310 sulatus
362 2275 499 2310 culmen
524 2274 722 2310 ascendens
744 2274 817 2310 Lat
925 2269 1079 2317 {fncctogl
1105 2272 1156 2316 ιὸς
1178 2276 1240 2310 καὶ
1266 2267 1410 2315 ὕπατος
1434 2273 1587 2308 Eusebii
1613 2273 1716 2310 codd.
1744 2272 1803 2309 CF

200 2335 220 2366 4
245 2329 512 2378 *δικαιοδότης]
538 2342 667 2366 censor
691 2331 764 2366 Lat
868 2335 887 2365 5
913 2328 1179 2377 γενησόμενος]
1204 2327 1418 2376 γενόμενοσ
1442 2329 1530 2365 ΜΨ
1647 2326 1871 2373 Κωπώνιος]

199 2386 397 2425 κοπώνιοσ
421 2388 465 2432 Ε,
490 2388 514 2423 i.
538 2398 650 2433 marg.
676 2385 725 2422 II
744 2387 814 2423 Lat
932 2392 948 2421 ’ῖ
974 2385 1153 2433 κυρὴνιοσ
1177 2387 1334 2422 ΑΜΨΕ
1366 2388 1534 2432 cyriacus
1563 2387 1641 2422 cod.
1665 2385 1780 2421 ALat

199 2442 296 2491 *τὴν
312 2445 492 2481 ἰουδαίων
508 2444 596 2479 ΜΨ
691 2447 730 2479 10
757 2440 1074 2491 *ὕπεκατὲβησαν
1090 2446 1122 2479 A
1219 2447 1253 2478 11
1274 2441 1323 2489 μὴ
1343 2453 1411 2478 om.
1429 2443 1551 2479 MWE
1647 2445 1688 2477 12
1714 2443 1870 2478 *iozaro

199 2502 271 2537 Lat
366 2504 405 2535 13
429 2497 644 2547 Ἰωαζάρου]
666 2501 853 2547 pontificis
878 2501 949 2536 Lat
1042 2498 1087 2537 τὰ
1113 2511 1181 2536 om.
1208 2499 1294 2534 MW
1399 2503 1438 2534 14
1461 2495 1597 2542 Ἰοὑδας
1621 2519 1664 2525 -
1691 2502 1730 2535 17
1757 2496 1872 2542 ἔθνος

199 2559 325 2594 laudat
349 2558 472 2594 Euseb
574 2553 712 2600 Ἰούδας
735 2558 774 2594 δὲ
798 2559 1043 2604 Γαυλανίτης]
1069 2558 1294 2603 γαυλανίτησ
1320 2556 1358 2592 δέ
1383 2569 1442 2592 τισ
1467 2556 1590 2591 MWE
1616 2549 1674 2592 ὅτι
1699 2557 1870 2601 γαυλανί-

201 2629 267 2660 τησ
293 2617 354 2651 τίσ
379 2610 475 2662 α’νὴρ
499 2615 610 2660 incip.
635 2614 727 2650 Exc.
822 2614 842 2649 i.
861 2625 971 2660 marg.
1000 2613 1066 2649 III
1088 2614 1159 2649 Lat
1257 2614 1532 2659 *Γαυλανίτης]
1557 2615 1763 2654 Γαλιλαῖος
1786 2612 1869 2648 bell.

198 2671 277 2706 Iud.
348 2669 500 2718 γαμάλα
517 2671 604 2706 ΜΨ
623 2668 806 2716 Γαμάλας
822 2671 899 2705 Eus
916 2668 1067 2718 γάβαλα
1085 2670 1117 2705 Ε
1191 2667 1410 2710 Σάδδωκον]
1428 2666 1616 2706 σάδδοκον
1631 2670 1664 2704 A
1681 2667 1871 2705 σάδουκον

199 2728 238 2763 Μ
263 2725 472 2764 σάδδουκον
495 2727 664 2763 WEExc
687 2727 883 2762 saddocum
903 2727 973 2762 Lat
993 2724 1130 2763 Σαδώκ
1146 2726 1223 2762 Zon
1248 2723 1436 2762 σάδδοκον
1459 2728 1496 2761 et
1513 2723 1700 2771 σάδδοχον
1718 2725 1869 2761 Eusebii

200 2785 304 2820 codd.
402 2789 440 2820 15
468 2785 715 2829 *sariscorum
740 2785 788 2826 (h.
807 2795 837 2819 e.
859 2785 1094 2830 Φαρισαίων)
1119 2783 1190 2818 Lat
1283 2779 1711 2828 *προσλαμβαι-όμενοσ
1736 2782 1823 2817 ΜΨ

200 2837 385 2887 *ἠπίγετο
405 2841 450 2875 W
523 2841 605 2877 *ἐπὶ
630 2837 870 2878 ἀποστασίαν
895 2841 1045 2877 Eusebii
1063 2840 1132 2876 cod
1162 2841 1191 2875 B
1289 2842 1325 2873 17
1353 2835 1556 2884 παρασχὸν
1571 2838 1652 2882 μὲν]
1679 2838 1868 2884 παρέσχο-

199 2911 270 2942 μεν
298 2897 468 2932 MWExc
493 2897 690 2944 παρέσχον
713 2897 782 2942 μὲν
814 2908 858 2933 ex
888 2908 980 2932 corr.
1006 2897 1112 2933 Henn
1255 2898 1295 2930 18
1319 2892 1497 2940 κτήσεως]
1523 2892 1675 2941 ‹pi-osum
1699 2894 1779 2929 Exe

201 2958 408 3000 σφαλεῖσιν]
435 2950 637 2999 α’σᾳάλισιι·
654 2954 822 2989 MWExc
896 2958 936 2989 19
963 2957 1043 2996 τοῦ]
1060 2953 1102 2990 ἐκ
1119 2955 1187 2990 τοῦ
1203 2963 1247 2987 ex
1265 2963 1355 2988 corr.
1375 2951 1481 2987 Henn
1552 2948 1763 2997 παριόντοσ
1781 2950 1869 2986 ΜΨ

1903 916 1941 951 10

1902 1254 1940 1288 15
