2074 3392
173 338 250 379 193

170 745 251 784 194

172 1422 251 1463 196

174 1764 251 1804 197

174 1967 252 2008 198

279 220 362 259 354
766 220 963 256 IOSEPHI
986 221 1106 258 VITA
1133 225 1310 258 192—198
1335 225 1400 266 (38.
1416 225 1470 266 39)

282 335 358 390 ἐμὲ
389 334 436 378 δὲ
465 334 567 378 τότε
598 332 826 391 διαφόρως
858 330 982 386 εἶχεν.
1045 333 1280 389 δεξάμενος
1318 327 1393 379 οὖν
1413 334 1492 392 τὴν
1513 334 1792 393 παράκλησιν
1822 334 1947 380 ἕπει-

280 406 363 445 θεν
401 400 503 451 τοὺς
542 395 757 457 ἀρχιερεῖς
778 397 970 444 ’Ἁνανον
1007 402 1079 444 καὶ
1105 397 1272 459 Ἰησοῦν
1310 402 1388 446 τὸν
1417 405 1496 446 τοῦ
1527 404 1715 457 Γαμαλᾶ
1743 402 1870 454 τινάς
1897 419 1948 446 τε

278 471 366 512 τῶν
403 471 480 526 τῆς
519 464 661 511 αἰτῶν
703 467 900 519 στάσεως
939 467 1128 520 ἐκείνους
1167 469 1395 514 ἐκκόπτειν
1431 487 1488 525 με
1525 467 1747 529 φυόμενον
1782 471 1856 513 καὶ
1885 469 1945 526 μὴ

279 536 499 590 περιιδεῖν
540 535 616 579 ἐπὶ
646 536 858 594 μήκιστον
889 531 1142 593 αὐξηθέντα
1173 536 1323 594 δόξης,
1363 543 1583 582 συνοίσειν
1615 533 1766 589 αὐτοῖς
1795 539 1946 594 λέγων,

281 604 320 647 εἰ
341 606 419 662 τῆς
441 605 686 655 Γαλιλαίας
714 600 1034 661 ἀφαιρεθείην·
1065 603 1123 660 μὴ
1155 605 1331 658 μέλλειν
1362 606 1408 648 δὲ
1439 605 1681 662 παρεκάλει
1709 604 1813 656 τοὺς
1841 606 1949 663 περὶ

282 672 360 716 τὸν
380 669 584 725 Ἄνανον,
615 671 673 729 μὴ
706 674 779 715 καὶ
812 672 999 729 φθάσας
1029 673 1192 728 γνῶναι
1213 671 1324 726 μετὰ
1346 675 1513 730 πολλῆς
1535 673 1716 717 ἐπέλθω
1741 675 1795 730 τῇ
1815 672 1949 717 πόλει

283 740 520 794 δυνάμεως.
607 737 628 782 6
675 740 754 794 μὲν
799 744 950 794 Σίμων
993 742 1133 782 ταῦτα
1179 739 1507 794 συνεβούλευεν·
1561 738 1584 785 6
1630 741 1677 785 δὲ
1724 737 1950 797 ἀρχιερεὺς

270 804 462 858 ’Ἀνανος
504 804 551 850 οὐ
591 806 745 864 ῥᾴδιον
786 805 900 850 εἶναι
939 805 989 850 τὸ
1032 806 1157 863 ἔργον
1197 803 1466 864 ἀπέφαινεν·
1505 808 1701 860 πολλοὺς
1738 807 1823 865 γὰρ
1859 810 1948 851 τῶν
1979 827 1982 830 ’

282 871 518 931 ἀρχιερέων
547 877 621 918 καὶ
651 877 729 918 τοῦ
758 874 964 930 πλήθους
994 877 1282 931 προεστῶτας
1311 885 1558 932 μαρτυρεῖν,
1589 872 1661 921 ὅτι
1689 878 1834 927 καλῶς
1863 875 1946 932 ἐγώ

283 944 532 999 στρατηγῶ·
563 946 806 986 ποιεῖσθαι
837 942 884 985 δὲ
914 946 1176 1000 κατηγορίαν
1208 937 1388 998 ἆνδρός,
1418 939 1526 986 καθ’
1563 940 1612 987 οὗ
1643 943 1778 1001 μηδὲν
1810 944 1950 1000 λέγειν
1992 978 1994 980 -

283 1010 492 1054 δύνανται
523 1010 706 1062 δίκαιον,
739 1009 922 1067 φαύλων
953 1009 1077 1067 ἔργον
1109 1007 1235 1054 εἶναι.

396 1081 463 1121 39.
523 1081 674 1132 Σίμων
705 1073 746 1120 6'
783 1075 843 1129 ὥς
875 1075 1056 1135 ἤκουσεν
1085 1080 1226 1121 ταῦτα
1255 1076 1380 1133 παρὰ
1419 1080 1497 1121 τοῦ
1521 1073 1730 1132 Ἀνάνου,
1771 1081 1949 1123 σιωπᾶν

281 1146 360 1200 μὲν
392 1145 580 1196 ἐκείνους
610 1142 798 1202 ἠξίωσεν
828 1141 933 1204 μηδ’
961 1145 1024 1197 εἷς
1045 1146 1241 1197 πολλοὺς
1262 1145 1461 1203 ἐκφέρειν
1482 1145 1585 1197 τοὺς
1607 1146 1762 1202 λόγους
1783 1142 1946 1190 αὐτῶν·

281 1214 619 1272 προνοήσεσθαι
658 1213 741 1270 γὰρ
783 1209 915 1265 αυτὸς
955 1214 1166 1271 ἔφασκεν,
1213 1214 1287 1257 ἵνα
1325 1216 1496 1257 θᾶττον
1533 1217 1866 1272 μετασταθείην
1904 1213 1951 1257 ἐκ

280 1284 358 1339 τῆς
404 1283 667 1333 Γαλιλαίας·
713 1282 1132 1338 προσκαλεσάμενος
1178 1282 1224 1324 δὲ
1268 1280 1346 1325 τὸν
1392 1278 1587 1340 ἀδελφὸν
1630 1283 1708 1325 τοῦ
1747 1277 1950 1326 Ἰωάννου
1986 1311 1995 1327 :

282 1349 555 1433 προσέταξεν
585 1353 782 1405 πέμπειν
814 1348 984 1406 δωρεὰς
1002 1358 1097 1400 τοῖς
1118 1351 1221 1404 περὶ
1244 1348 1321 1392 τὸν
1333 1346 1545 1392 Ἄνανον·
1575 1349 1688 1403 τάχα
1707 1348 1789 1406 γὰρ
1811 1348 1950 1400 οὕτως

283 1435 366 1475 εφη
406 1422 582 1461 πείσειν
622 1413 782 1468 αὐτοῖς
818 1420 1107 1473 μεταθέσθαι
1143 1416 1225 1468 τὰς
1253 1417 1442 1474 γνώμας.
1502 1419 1576 1461 καὶ
1604 1418 1730 1468 τέλος
1761 1416 1950 1471 ε’πραξεν

283 1483 304 1529 6
337 1490 488 1541 Σίμων
528 1484 550 1529 ὃ
590 1486 842 1543 προυθετο·
883 1484 904 1530 6
944 1485 1025 1543 γὰρ
1048 1482 1240 1536 ’Ἁνανος
1277 1488 1351 1529 καὶ
1391 1486 1433 1529 οἱ
1465 1500 1543 1528 συν
1575 1502 1692 1542 αυτῳ
1724 1493 1818 1536 τοῖς
1843 1483 1951 1541 χρή-

281 1569 418 1608 μασιν
441 1554 770 1611 διαφθαρέντες
791 1557 1078 1598 συντίθενται
1106 1570 1183 1611 της
1205 1554 1449 1605 Γαλιλαίας
1471 1552 1669 1608 ἐκβαλεῖν
1689 1569 1744 1608 με
1763 1551 1952 1610 μηδενὸς

283 1621 417 1666 αλλου
447 1625 536 1665 τῶν
565 1621 676 1665 κατὰ
706 1622 786 1681 τὴν
816 1622 951 1666 πόλιν
980 1625 1111 1665 τοῦτο
1142 1621 1443 1678 γινώσκοντος.
1503 1623 1576 1664 καὶ
1609 1620 1659 1678 δὴ
1693 1620 1841 1672 ε’δοξεν
1872 1615 1951 1664 αὗ-
1988 1629 1999 1636 ·’

282 1699 377 1740 τοῖς
406 1693 604 1745 πέμπειν
636 1687 798 1746 ἄνδρας
828 1689 940 1734 κατὰ
969 1694 1093 1774 γένος
1122 1689 1202 1744 μὲν
1233 1689 1547 1747 διαφέροντας,
1586 1691 1640 1746 τῇ
1682 1689 1871 1747 παιδείᾳ
1901 1683 1944 1732 6

285 1755 480 1813 ὁμοίους.
540 1757 651 1815 ἦσαν
683 1754 724 1801 δ
763 1754 906 1802 αυτιῦν
939 1759 982 1801 οἱ
1011 1759 1091 1812 μὲν
1113 1757 1190 1800 δύο
1217 1758 1458 1815 δημοτικοί,
1485 1753 1702 1814 Ιωιάθης
1721 1759 1794 1801 καὶ
1819 1753 1952 1800 Ανα-

283 1831 381 1877 νίας
405 1831 649 1882 Φαρισαῖοι
679 1825 757 1883 τὴν
790 1826 972 1882 αι’ρεσιν,
1005 1823 1027 1869 6
1061 1826 1108 1869 δὲ
1138 1829 1286 1881 τρίτος
1318 1825 1507 1881 Γόζορος
1540 1825 1759 1882 ἱερατικοῦ
1787 1828 1950 1882 γένους,

287 1899 536 1950 Φαρισαῖος
573 1896 646 1937 καὶ
686 1890 838 1945 αὐτός·
877 1898 1027 1949 Σίμων
1069 1889 1109 1936 δ’
1154 1893 1202 1944 ἐξ
1240 1889 1475 1949 ἀρχιερέων
1515 1893 1732 1944 νεώτατος
1763 1891 1950 1936 ἐκείνων.

283 1962 464 2012 τούτους
502 1960 697 2004 ἐκέλευον
738 1957 1033 2018 ἀφικομένους
1072 1960 1134 2011 εἷς
1169 1959 1219 2003 τὸ
1252 1962 1432 2016 πλῆθος
1461 1963 1548 2003 τιῦν
1581 1962 1832 2004 Γαλιλαίων
1862 1976 1949 2003 πυ·
1990 1988 1993 1991 ,

398 2087 418 2129 ξ
446 2088 509 2120 193
536 2102 578 2114 =
604 2086 686 2120 bell.
712 2086 792 2120 Iud.
818 2086 854 2120 ΙΙ
880 2088 956 2120 62ῖ.

397 2197 585 2232 PRAMW

374 2296 377 2297 ⁷
401 2260 414 2291 1
441 2255 518 2300 ἐμὲ]
545 2267 634 2299 εμεο
660 2254 688 2288 P
714 2267 761 2298 με
785 2253 853 2289 RA
953 2251 1043 2291 τότε
1068 2254 1106 2291 δὲ
1130 2257 1175 2289 tr.
1201 2254 1234 2288 R
1334 2251 1444 2299 εἶχεν,
1469 2250 1509 2289 εἴ
1526 2263 1571 2288 ex
1595 2249 1638 2290 ἒσ
1661 2262 1754 2288 corn
1779 2247 1853 2288 hid.
1877 2252 1907 2287 P

284 2316 416 2349 επιθεν
440 2311 468 2346 Ρ
562 2315 581 2346 2
606 2309 758 2358 γάμαλα
784 2310 872 2345 MW
982 2315 1000 2346 3
1026 2314 1095 2357 τῆσ
1120 2313 1197 2347 τῶν
1221 2313 1265 2346 tr.
1292 2311 1378 2345 MW
1478 2305 1616 2351 αὐτῶν,
1641 2311 1696 2345 ὦν
1719 2320 1765 2345 ex
1789 2312 1834 2347 οὗ
1858 2319 1951 2346 corr.
1991 2317 1993 2320 “

284 2369 317 2404 R
408 2367 592 2411 ἐκείνουσ,
619 2381 663 2404 ου
687 2379 732 2403 ex
758 2380 777 2404 o
805 2378 897 2403 corr.
925 2367 999 2402 uid.
1025 2367 1053 2402 P
1077 2365 1227 2404 ἐκεῖνον
1251 2367 1373 2402 AMW
1473 2369 1494 2401 4
1517 2378 1722 2412 μηκειστον
1745 2366 1773 2401 Ρ
1865 2363 1954 2413 δόξη

284 2425 358 2460 RM
451 2437 618 2461 σινοισιν
643 2425 670 2459 Ρ
766 2428 784 2459 5
809 2424 899 2469 μέλε
903 2438 937 2460 ιν
961 2424 1000 2458 Μ
1107 2424 1146 2461 δὲ
1171 2435 1237 2460 om.
1264 2424 1292 2458 P
1402 2426 1422 2458 6
1443 2420 1611 2464 Ἄνανον]
1637 2435 1733 2459 ανον
1757 2422 1784 2457 Ρ
1809 2419 1954 2460 ἄνανον
1991 2441 1993 2452 ·

284 2483 348 2517 καὶ
373 2481 503 2544 ἰησοῦν
528 2481 598 2517 τὸν
622 2484 689 2518 τοῦ
714 2478 865 2528 γάμαλα
892 2481 979 2516 MW
1087 2483 1176 2517 επελ
1182 2484 1261 2516 θων
1285 2480 1313 2515 Ρ
1337 2478 1495 2516 ἐπέλθοι
1519 2479 1607 2514 MW
1713 2482 1729 2513 ἰ’
1757 2476 1952 2524 δυνάμεωσ

284 2540 329 2583 τῆ
353 2531 463 2574 πόλει
488 2541 531 2573 tr.
559 2538 681 2573 RMW
772 2537 853 2582 μὲν]
878 2537 923 2581 μὲ
917 2550 948 2572 ν
974 2530 1042 2573 οιν
1065 2537 1152 2572 MW
1246 2540 1282 2571 11
1310 2538 1455 2573 δίκαιον
1479 2533 1653 2573 δύνανται
1679 2538 1725 2571 tr.
1750 2534 1908 2571 RAMW

284 2595 431 2630 δίκαιον
457 2606 523 2630 0111.
550 2595 604 2629 ed.
629 2605 683 2640 pr.
800 2596 948 2639 ᾳαιλον
971 2593 1059 2627 MW
1153 2590 1276 2640 ἔργων
1299 2593 1378 2628 P¹R
1482 2596 1519 2627 12
1545 2592 1583 2629 δὲ
1608 2591 1696 2627 MW
1789 2587 1952 2634 Ἀνάνου]
1996 2575 1998 2579 ”
2031 2567 2039 2645 Α.

285 2664 380 2686 ανου
404 2651 431 2685 Ρ
528 2654 567 2685 13
593 2646 753 2697 ἠξίωσεν
776 2648 949 2686 ἐκείνουσ
973 2654 1018 2685 tr.
1046 2649 1132 2684 MW
1224 2649 1314 2696 μηδὲ
1340 2649 1385 2683 W
1479 2644 1581 2686 αὐτῶ
1606 2648 1638 2684 R
1724 2652 1763 2683 14
1787 2644 1952 2695 προνοή-

285 2710 435 2748 σεσθαι]
461 2707 552 2743 coni.
578 2704 871 2754 προνοήσασθαι
899 2706 1003 2742 codd.
1124 2709 1163 2741 15
1189 2709 1257 2743 τοῦ
1282 2717 1350 2741 0111.
1377 2704 1463 2740 MW
1569 2710 1744 2748 ϊωανιυυ,
1769 2709 1814 2741 ϊω
1839 2715 1881 2749 8.,
1905 2715 1950 2740 νο

286 2774 328 2799 ex
357 2777 400 2809 ρο
428 2775 520 2799 corr.
546 2764 574 2798 P
686 2767 723 2797 Π
751 2775 853 2799 πισιν
876 2763 904 2798 Ρ
1009 2762 1249 2799 καταθέσθαι
1274 2761 1307 2797 R
1410 2759 1478 2805 τὰς
1502 2759 1656 2808 γνώμας
1680 2771 1746 2796 0111.
1774 2759 1860 2794 MW

285 2823 348 2856 καὶ
374 2841 414 2846 —
444 2824 482 2856 1ae
510 2818 704 2867 προύθετο
731 2830 798 2855 om.
825 2819 852 2853 Ρ
928 2822 966 2854 19
993 2823 1209 2856 συντιθεντε
1236 2819 1262 2853 Ρ
1355 2815 1552 2865 ἐκβάλλειν
1575 2817 1662 2852 MW
1754 2819 1794 2851 21
1820 2818 1950 2852 παιδία

287 2877 313 2911 Ρ
415 2877 451 2913 δί-
477 2877 564 2911 MW
682 2880 723 2912 22
749 2877 786 2913 δὲ
812 2875 899 2910 MW
1015 2878 1208 2922 δημοτικοὶ
1234 2877 1448 2921 ((ἳημωτικοὶ
1473 2874 1524 2912 Μ)
1548 2871 1612 2910 δύο
1639 2877 1682 2908 tr.
1707 2871 1858 2908 PAMW

289 2930 308 2969 ὁ
337 2930 506 2978 ἰωνάθησ
523 2933 569 2967 W
648 2936 689 2967 22'.
708 2930 895 2979 Γόζορος]
914 2930 1085 2978 γόζαροσ
1104 2933 1190 2968 MW
1208 2928 1373 2978 Ἰόζαρος
1390 2927 1575 2976 (Ἰώζαρος
1592 2929 1761 2970 debebat)
1779 2927 1949 2964 Gelenius

286 2985 476 3035 Ἰωεσδρος
501 2989 581 3024 bell.
608 2989 685 3024 Iud.
782 2992 823 3024 24
849 2985 883 3025 δ’
909 3000 977 3025 0111.
1005 2988 1091 3023 MW
1186 2991 1227 3023 25
1252 2986 1421 3024 ἐκέλευεν
1447 2986 1482 3019 Μ
