2051 3397
575 193 739 238 ANTIQ.
765 193 860 229 IUD.
886 192 972 228 xlx
998 195 1177 229 252—259
1201 197 1258 235 (ιν.
1274 200 1302 227 a.
1319 200 1349 238 ⁴)
1713 195 1793 232 255

139 305 391 356 Ἀσιατικὸν
432 306 734 356 ΠΙινουκιανὸς
769 306 812 349 ἐκ
851 309 938 349 τῶν
980 311 1116 351 Γαΐου
1157 311 1363 365 σφαγέων
1401 303 1541 362 ἀνεῖχε
1581 307 1795 351 τοιούτων

132 378 355 422 διανοιῶν.
413 375 600 432 ἐγεγόνει
632 370 673 417 δ’
711 368 764 417 ὃν
795 374 932 432 φόνος
963 374 1014 418 οὕ
1042 392 1163 426 τινος
1193 375 1391 418 ἐλάσσων
1424 374 1794 434 ἐπιχωρηθέντων

129 448 218 490 τιῦν
258 444 599 499 ἐπιθυμούντων
637 445 714 500 τῆς
755 439 1006 500 ἡγεμονίας,
1046 443 1161 486 ὥστε
1202 440 1529 494 ἀντιτάξασθαι
1571 445 1793 501 Κλαυὸίιμ,

131 511 275 564 ἄλλως
314 530 362 556 τε
400 514 472 556 καὶ
513 512 554 555 οἱ
585 510 852 566 μονομάχοι,
886 512 1064 569 πλῆθος
1096 508 1137 554 ὸ’
1172 502 1223 568 ἦν
1256 508 1399 555 αὐτῶν
1431 508 1681 568 ἀξιόλογον,
1723 515 1792 556 καὶ

130 584 218 626 τῶν
258 583 540 638 στρατιωτῶν
580 580 623 622 οἱ
664 581 1089 636 νυκτοφυλακοῦντες
1128 579 1203 622 ἐπὶ
1242 582 1320 637 τῆς
1358 579 1533 630 πόλεως
1573 580 1718 634 ἐρέται
1747 598 1795 623 τε

129 647 297 695 ὁπόσοι
339 651 567 704 συνέρρεον
608 647 670 698 εἷς
709 647 758 689 τὸ
802 647 1124 703 στρατόπεδον,
1165 643 1280 691 ὥστε
1318 649 1406 691 τῶν
1445 647 1688 703 μετιόντων
1719 648 1796 705 τῂν

129 713 266 776 ἀρχὴν
299 718 340 762 οἱ
371 716 450 772 μὲν
482 716 632 773 φειδοῖ
663 718 740 773 τῆς
772 715 959 766 πόλεως,
992 716 1033 759 οἱ
1067 716 1113 759 δὲ
1144 718 1216 760 καὶ
1249 715 1378 774 φόβῳ
1412 718 1475 772 τῷ
1508 712 1620 772 ὑπὲρ
1652 712 1796 759 αὐτῶν

129 782 400 844 ἀπέστησαν.

243 859 282 898 4.
339 850 446 896 Ὑπὸ
486 853 532 895 δὲ
574 852 755 909 πρώτην
795 847 929 909 ἀρχὴν
964 853 1042 907 τῆς
1078 848 1243 907 ἡμέρας
1281 853 1353 895 καὶ
1395 854 1596 907 Χαιρέας
1639 853 1710 894 καὶ
1753 852 1795 895 οἱ

62 946 66 956 =
127 922 205 966 σὺν
236 923 355 978 αὐτῷ
386 920 692 976 παρελθόντες
724 919 767 963 ἐν
799 919 1069 977 ἐπιχειρήσει
1100 919 1240 976 λόγων
1270 910 1382 978 ἦσαν
1404 918 1519 976 πρὸς
1538 919 1641 971 τοὺς
1663 934 1795 975 στρα-

127 990 304 1041 τιώτας.
365 991 454 1032 τιῦν
485 988 532 1031 ὄὲ
562 987 611 1030 τὸ
645 988 825 1044 πλῆθος
864 984 925 1038 ιῦς
955 984 1039 1044 ὁρᾷ
1079 987 1305 1038 παύοντας
1344 983 1503 1038 αὐτοὺς
1536 997 1636 1039 ταῖς
1670 990 1794 1044 χερσὶ

128 1060 202 1102 καὶ
257 1060 335 1102 τοῦ
392 1057 535 1101 εἰπεῖν
585 1056 706 1106 οἵους
757 1072 805 1098 τε
852 1052 1092 1111 ἄρχεσθαι,
1142 1050 1471 1113 ἀνεθορύβησεν
1515 1055 1573 1113 μὴ
1621 1054 1796 1113 ἐφιέναι

129 1123 246 1170 ὥστε
277 1126 422 1169 εἰπεῖν
464 1124 537 1168 διὰ
577 1123 626 1167 τὸ
661 1121 899 1179 ὡρμῆσθαι
932 1123 1105 1174 πάντας
1136 1122 1212 1167 ἐπὶ
1242 1126 1306 1180 τῷ
1336 1127 1681 1179 μοναρχεῖσθαι,
1718 1124 1795 1167 τὸν

131 1196 180 1239 δὲ
220 1192 492 1253 ἡγησόμενον
532 1192 712 1235 ἐκάλουν
748 1188 808 1242 ιῦς
849 1187 924 1234 οὐκ
963 1187 1219 1246 ἀνεξόμενοι
1256 1191 1338 1242 τὰς
1377 1192 1546 1246 τριβάς.
1606 1195 1660 1249 τῇ
1692 1208 1794 1248 συγ-

128 1263 273 1322 κλήτῳ
306 1263 352 1305 δὲ
385 1258 556 1316 ἀπορία
588 1257 735 1316 ἄρχειν
764 1276 812 1302 τε
841 1260 914 1302 καὶ
947 1259 996 1302 ὃν
1019 1256 1226 1316 ἀρχθεῖεν
1258 1253 1310 1302 ἂν
1340 1259 1509 1314 τρόπον
1542 1257 1641 1303 οὔτε
1672 1260 1795 1314 δεχο-

127 1334 271 1386 μένων
304 1326 463 1380 αὐτοὶς
492 1331 582 1371 τῶν
614 1329 898 1383 στρατιωτῶν
929 1329 1001 1370 καὶ
1031 1330 1119 1371 τιῦν
1152 1332 1191 1370 Γ
1189 1330 1289 1371 αι”ου
1321 1331 1527 1385 σφαγέων
1559 1338 1794 1384 συγχωρεῖν

127 1408 222 1450 τοῖς
261 1397 556 1453 στρατιώταις
595 1392 670 1439 οὐκ
709 1395 934 1452 ε’φίεντων.
996 1395 1040 1438 ἐν
1079 1395 1299 1447 τοιούτοις
1338 1396 1385 1439 δὲ
1423 1393 1563 1440 ὄντων
1594 1400 1795 1451 Χαιρέας

126 1465 206 1525 τὴν
247 1462 379 1523 ὀργὴν
416 1461 492 1508 οὒκ
533 1461 830 1518 ἀνασχόμενος
870 1462 984 1519 πρὸς
1020 1462 1100 1519 τὴν
1142 1464 1317 1522 αἴτησιν
1355 1467 1435 1507 τοῦ
1475 1460 1795 1520 αὐτοκράτορος

129 1534 289 1579 δώσειν
320 1534 608 1592 ἐπηγγέλλετο
642 1531 898 1589 στρατηγόν,
931 1531 974 1574 εἴ
1001 1548 1069 1582 τις
1101 1527 1221 1587 αὐτῷ
1243 1541 1423 1589 σημεῖον
1454 1531 1578 1589 παρὰ
1601 1528 1793 1585 Εὐτύχου

127 1607 364 1658 κομίσειεν.
414 1593 467 1658 ἦν
498 1602 545 1644 δὲ
566 1598 588 1643 ὃ
616 1597 806 1653 Εὔτυχος
837 1595 965 1649 οὗτος
985 1596 1159 1655 ἡνίοχος
1180 1602 1258 1642 τοῦ
1283 1601 1552 1655 καλουμένου
1574 1604 1794 1655 πρασίνου

133 1670 530 1727 περισπούδαστος
562 1670 706 1724 Γαΐῳ,
746 1669 820 1710 καὶ
848 1668 952 1723 περὶ
983 1665 1063 1718 τὰς
1095 1667 1334 1722 οἰκοδομὰς
1363 1671 1452 1711 τιῦν
1485 1668 1684 1712 στάσεων
1714 1671 1792 1711 τοῦ

128 1740 235 1796 περὶ
266 1737 428 1782 ἐκεῖνον
461 1737 651 1780 ἱππικοῦ
689 1735 738 1779 τὸ
782 1734 1099 1790 στρατιωτικὸν
1130 1735 1326 1791 ἐτρίβετο
1361 1732 1538 1790 ἀτίμοις
1568 1735 1795 1792 ἐργασίαις

128 1806 419 1861 ἐπικείμενον.
471 1804 534 1856 εἰς
565 1800 679 1859 ὅπερ
701 1801 723 1847 ὃ
747 1806 948 1859 Χαιρέας
977 1799 1199 1855 ὠνείδιζεν
1222 1799 1380 1854 αὐτοὺς
1402 1806 1476 1847 καὶ
1499 1803 1626 1859 ἕτερα
1647 1802 1794 1847 πολλὰ

127 1878 326 1928 τοιαῦτα,
356 1873 434 1930 τήν
465 1889 512 1916 τε
540 1870 736 1929 κεφαλὴν
756 1880 926 1925 κομιεῖν
951 1873 1029 1914 τοῦ
1050 1871 1298 1915 Κλαυδίου·
1331 1871 1475 1915 δεινὸν
1495 1871 1590 1928 γάρ,
1623 1870 1663 1914 εἰ
1682 1869 1794 1926 μετὰ

10 1963 11 2006 ζ
127 1947 290 1999 μανίαν
311 1940 635 1999 παραφροσύνῃ
670 1938 865 1982 δώσουσι
885 1938 962 1996 τὴν
992 1936 1243 1995 ἡγεμονίαν.
1295 1936 1344 1983 οὗ
1374 1939 1460 1997 μὴν
1492 1938 1795 1997 διετράπησάν

125 2027 174 2068 γε
203 2007 294 2054 ὕπὸ
327 2012 416 2052 τιῦν
447 2008 601 2064 λόγων,
635 2003 747 2050 ἀλλὰ
780 2007 1064 2062 σπασάμενοι
1093 2006 1175 2058 τὰς
1195 2011 1415 2064 μαχαίρας
1443 2009 1518 2051 καὶ
1547 2007 1602 2050 τὰ
1635 2016 1795 2064 σημεῖα

239 2135 261 2177 ξ
287 2136 353 2169 259
377 2149 421 2162 --
445 2132 527 2169 bell.
551 2132 630 2168 Iud.
654 2132 690 2166 II
715 2134 793 2166 211.

240 2234 477 2270 AMWELat

243 2296 257 2327 1
286 2288 536 2336 μινουκιανόσ
559 2292 643 2334 post
666 2286 848 2335 σφαγέων
871 2291 916 2324 tr.
941 2288 974 2323 E
1067 2287 1151 2330 *ἐκ1
1177 2284 1230 2331 εἷς
1254 2289 1347 2326 coni.
1451 2289 1639 2336 *σφαγῶν
1661 2289 1750 2325 MW

125 2348 196 2385 litt.
221 2346 440 2386 *τοιούτων
464 2350 552 2394 -ἱ3
578 2340 677 2382 ὥστε
702 2340 834 2382 α’ντιτά
860 2345 884 2379 i.
910 2355 982 2380 τηε.
1007 2356 1054 2380 m.
1080 2347 1100 2379 2
1124 2347 1158 2380 A
1250 2348 1270 2380 2
1295 2346 1354 2383 *δὲ
1378 2347 1411 2381 Α
1502 2344 1589 2388 *οὐῚ
1615 2339 1660 2383 οὗ
1684 2346 1724 2381 Μ
1750 2339 1796 2383 οῧ

126 2405 173 2440 W
265 2403 653 2452 ἐπισυγχωρηθέντων
675 2402 710 2438 A
734 2399 1059 2449 συνχωρηθέντων
1081 2402 1114 2437 Ε
1230 2405 1252 2437 4
1275 2402 1314 2440 δὲ
1338 2403 1427 2438 MW
1527 2406 1546 2437 5
1573 2399 1712 2450 ἐρέται]
1738 2404 1794 2438 ed.

125 2472 180 2507 pr.
208 2460 355 2509 αἱρεταί
379 2472 424 2497 ex
447 2471 540 2497 corr.
564 2461 599 2495 A
624 2457 774 2506 αἴρεταί
798 2458 955 2503 A¹MW,
980 2469 1046 2495 om.
1072 2459 1144 2494 Lat
1213 2462 1233 2494 9
1258 2462 1323 2506 τῆς
1347 2470 1415 2495 om.
1433 2460 1557 2495 MWE
1651 2463 1690 2495 11
1718 2461 1796 2495 τῶν

126 2517 166 2555 δὲ
188 2537 232 2544 --
260 2520 300 2553 13
324 2520 616 2565 μοναρχεῖσθαι]
650 2514 686 2552 οἱ
710 2510 744 2551 δ’
770 2510 1035 2563 οἷνεθορύβουν
1059 2512 1276 2563 ὡρμημένοι
1300 2513 1446 2554 πάντεσ
1469 2515 1530 2553 ἐπὶ
1553 2512 1599 2553 τὸ
1624 2529 1794 2561 μονομα-

123 2578 278 2621 χεῖσθαι
302 2575 336 2609 Ε
450 2571 656 2616 παύοντας]
682 2572 775 2608 coni.
801 2569 1026 2609 παύσαντασ
1048 2574 1082 2608 A
1105 2571 1330 2610 παύσοντασ
1353 2573 1442 2608 MW
1571 2575 1612 2608 12
1637 2571 1794 2619 ἐφιέναι]

76 2635 78 2643 “
125 2629 234 2678 ἐφεὶσ
257 2631 326 2676 μὲν
349 2630 438 2666 MW
556 2632 598 2666 13
622 2633 690 2679 τῷ]
714 2626 759 2666 τὸ
784 2629 964 2665 A¹MWE
1081 2633 1124 2664 14
1147 2632 1218 2676 τῆσ
1240 2633 1376 2677 τριβῆσ
1401 2630 1434 2664 Ε
1536 2632 1577 2664 15
1603 2626 1794 2676 ἀρχθεῖεν]

127 2686 302 2735 ῥεχθεῖεν
324 2687 413 2722 MW
506 2683 667 2734 τρόπον]
693 2682 764 2722 τὸν
786 2683 936 2733 τρόπον
958 2686 1007 2722 W
1099 2683 1317 2732 δεχομένων
1341 2683 1489 2730 αὐτοὺς]
1514 2685 1668 2720 Hudson
1692 2687 1796 2730 δεχο-

126 2744 267 2788 μένουσ
292 2739 419 2780 αὐτῶν
435 2744 541 2779 codd.
637 2747 676 2777 17
705 2740 841 2784 ὄντων]
867 2745 944 2779 τῶν
967 2740 1206 2790 πραγμάτων
1231 2741 1356 2780 ὄντων
1380 2743 1414 2777 Ε
1506 2744 1548 2775 20
1574 2737 1728 2787 ἡνίοχος
1751 2761 1795 2766 -

129 2803 172 2836 22
195 2799 386 2848 ἐτρίβετο]
411 2800 577 2846 aqitator
593 2799 742 2846 prasini
765 2799 851 2844 qaio
876 2804 911 2834 ee
925 2799 1097 2834 militibus
1120 2800 1219 2834 circa
1242 2799 1502 2834 sollemnitates
1524 2798 1736 2832 circensium
1760 2802 1796 2833 et

127 2856 320 2892 seditiones
342 2857 416 2893 Lat
523 2859 561 2891 21
590 2855 702 2903 γαΐου
724 2857 758 2890 Α
851 2852 1068 2899 οἰκοδομὰς]
1095 2854 1335 2899 οἱκονομίασ,
1360 2869 1381 2890 ν
1405 2865 1449 2889 ex
1473 2857 1495 2890 ὃ
1515 2866 1560 2890 m.
1585 2853 1619 2889 A
1725 2857 1796 2891 τοῦ

128 2915 216 2960 περὶ
239 2911 388 2950 ἐκεῖνον
411 2912 580 2954 ἱππικοῦ]
607 2913 662 2947 ed.
681 2923 736 2957 pr.
762 2908 856 2947 τοὺσ
880 2913 967 2958 περὶ
991 2909 1138 2948 ἐκεῖνον
1162 2909 1334 2952 (ἐκείνων
1351 2911 1412 2954 W)
1437 2909 1618 2948 ἶππικοὺσ
1643 2911 1747 2947 codd.

130 2971 173 3004 ‘23
196 2967 437 3014 ἐπικείμενοσ
459 2969 550 3004 MW
642 2971 684 3004 26
710 2970 780 3005 *τε
805 2970 889 3013 post
913 2965 1152 3012 σπασάμενοι
1176 2968 1260 3004 add.
1286 2967 1374 3002 MW

1826 1197 1908 1238 255

1826 1401 1909 1441 256

1826 1604 1907 1644 257

1826 1809 1907 1850 258

1826 1945 1908 1985 259
