2051 3397
510 211 669 255 ANTIQ.
695 210 789 246 lUD.
815 209 933 245 XV111
961 213 1024 244 2⁰0
1043 212 1139 244 >Qun
1164 213 1248 246 (vm.
1270 213 1300 248 τ)
1655 205 1730 242 193

76 322 102 384 ἢ
126 333 350 384 Καίσαρος
371 326 658 383 ἐκφροντίσας
681 333 936 378 παρασχεῖν.
983 340 1052 365 και
1077 341 1099 363 ο
1127 323 1258 371 [mog
1280 316 1565 374 ἐκθαιμάσας
1586 318 1664 375 τήν
1685 334 1728 359 τε
1762 320 1834 359 291

77 396 277 439 διάνοιαν
309 391 439 436 αἰτοῦ
471 409 539 434 και
572 391 649 448 τὴν
679 408 749 446 με)
750 393 853 432 ἀλιι
863 394 942 446 ιρέ
943 407 1077 442 ’ῃτειιιι
1109 388 1169 440 ὠς
1191 387 1264 432 ἐπ
1291 387 1496 444 αρεσκιία
1524 405 1572 443 τι
1600 383 1732 428 αι’-τοῦ

75 462 274 516 βιάζοιτο
304 463 373 504 καὶ
406 458 516 514 ὑπὲρ
548 459 732 501 δι’ναιιιν
753 476 811 500 ”ιιιι
821 477 839 500 ν
859 476 947 516 14²¹„
945 476 1093 501 ιιαιων
1115 474 1160 500 ει
1147 454 1303 514 πορία
1326 456 1598 511 χρισασθαι,
1628 459 1733 508 βου-

79 529 260 583 λόμενός
298 544 345 570 τε
379 526 664 583 μιμήσασθαι
708 526 783 582 τὴν
811 524 1064 582 ’.1γρί7ι-,ἰόυ
1102 527 1361 582 φιλοτιμίαν
1402 519 1473 579 ἐφ’
1520 519 1650 577 ἡδονῇ
1681 522 1732 576 τι]

29 608 48 642 β
75 592 209 640 αὐτοῦ
240 597 571 652 πρασσομένην,
612 592 839 648 ἀνειμένος
879 592 962 636 ι”,ἰτιὶ
997 594 1118 637 οἴνου
1148 594 1218 635 καὶ
1250 590 1328 646 τὴν
1360 590 1560 633 διάνοιαν
1591 588 1654 638 είς
1684 588 1734 631 τὸ

76 662 342 719 ἱλαρώτερον
373 662 733 716 ἐκτετραμμένος,
773 664 908 719 φησὶν
940 662 984 705 ἐν
1015 664 1251 715 συμποσίῳ
1282 659 1642 712 παρακαλοῦντος
1672 655 1736 705 εἷς

76 730 236 774 πότον·
269 726 536 786 ,,’Ᾰγρίππα,
569 731 638 772 καὶ
664 729 879 784 πρότερον
900 733 978 783 με’-ν
1009 744 1079 771 σοι
1112 726 1240 785 τιμὴν
1271 726 1471 782 συνῄδειν
1501 720 1525 780 ᾗ
1550 722 1657 776 ἒχριῦ
1679 722 1734 764 τὰ
1766 726 1847 765 292

76 797 189 855 πρὸς
227 796 301 852 ἐμὲ
341 799 410 840 καὶ
453 798 620 853 ,τολλῇν
661 796 832 841 εἰῗνοιαν
863 797 973 851 μετὰ
1010 795 1217 839 κινδύνων
1257 791 1626 846 ἀποδειχθεῖσαν,
1670 789 1736 839 οἷς

75 863 164 910 ὑπὸ
202 870 407 921 Τιβερίου
440 869 673 922 περιέστης
704 861 765 908 δι’
803 862 955 921 αὐτήν,
995 863 1242 912 ἐπιλείπεις
1279 877 1328 904 τε
1367 856 1492 903 οὐδὲν
1522 860 1593 901 καὶ
1625 855 1736 911 ὑπὲρ

0 932 48 979 *0
75 933 259 987 δύναμιν
292 929 423 989 ἀρετῇ
452 935 649 988 χρῆσθαι
680 935 731 989 τῇ
764 932 878 987 πρὸς
911 929 1034 989 ἡμᾶς.
1096 926 1225 982 ὅθεν,
1267 927 1446 983 αἰσχρὸν
1485 927 1566 983 γὰρ
1601 923 1736 984 ἡσσᾶ-

77 1003 191 1045 σθαί
220 1017 274 1055 με
296 998 382 1043 Em)
409 1003 486 1058 τῆς
509 1003 587 1058 σῆς
609 1015 646 1043 σ
647 1000 819 1057 τοιδῆς,
853 996 1089 1053 αναλαβεῐν
1115 997 1331 1052 βούλομαι
1352 995 1407 1038 τὰ
1430 994 1738 1048 ἐλλελειμμένα

77 1067 316 1125 πρότερον·
358 1065 507 1124 ὀλίγον
544 1067 626 1145 γὰρ
666 1070 756 1110 πᾶν
795 1064 966 1110 ὁπόσον
997 1081 1069 1108 σοι
1100 1066 1274 1120 δωρειῦν
1307 1063 1510 1117 ἔχόιιενον
1547 1059 1737 1115 ἀπεμοι-
1769 1063 1850 1102 293

77 1135 293 1194 ρασιὲμην.
354 1135 402 1179 τὸ
437 1139 548 1188 πᾶν,
589 1132 625 1179 ο’7
617 1152 700 1189 περ
741 1150 811 1178 σοι
843 1133 985 1192 ῥοπὴν
1017 1151 1068 1176 αν
1101 1135 1325 1188 προσθείη
1356 1133 1433 1173 τοῦ
1441 1125 1738 1218 “ευδαίιιονος,

78 1203 436 1260 δεδιακονήσεται
467 1204 549 1259 γάρ
582 1218 654 1247 σοι
685 1206 923 1259 προθυμία
952 1218 999 1244 τε
1028 1203 1102 1244 καὶ
1134 1199 1249 1254 ἰσχίι
1269 1201 1319 1256 τῇ
1342 1198 1465 1254 &pq-{3⁶
1522 1199 1593 1239 καὶ
1617 1194 1639 1239 o‘
1661 1196 1740 1250 μὲν

28 1283 48 1317 5
75 1273 215 1314 ταῦτα
254 1271 396 1327 ἔλεγεν
435 1271 637 1326 οἰόμενος
674 1273 751 1328 γῆν
789 1287 837 1313 τε
877 1269 1044 1327 πολλὴν
1081 1270 1159 1325 τῆς
1204 1265 1429 1344 προσόδου
1471 1264 1741 1322 αἰτήσεσθαι

76 1331 104 1395 ἢ
142 1343 216 1382 καί
252 1356 384 1382 τινων
423 1339 674 1395 προσόδοις
713 1338 904 1389 πόλεων,
944 1333 966 1379 ὁ
1010 1336 1056 1379 δὲ
1097 1339 1255 1390 καίπερ
1292 1333 1347 1376 τὰ
1386 1333 1534 1376 πάντα
1565 1328 1638 1390 ἐφ’
1675 1330 1741 1381 οἷς
1772 1334 1852 1373 294

1467 1396 1552 1411 ²⁵⁶)

78 1470 203 1525 ὀξέος
234 1470 466 1529 ἀμείβεται
495 1473 572 1517 τὸν
606 1422 753 1525 Ιάίον,
790 1468 861 1515 ότι
890 1488 1000 1528 μητε
1030 1470 1248 1526 πρότερον
1278 1470 1430 1525 κέρδος
1460 1468 1508 1511 τὸ
1543 1463 1627 1510 ἀπ
1664 1462 1742 1509 αὐ-

77 1543 157 1585 τοῦ
186 1542 480 1596 καραδοκῶν
470 1541 594 1597 παρὰ
623 1540 703 1591 τὰς
739 1544 943 1595 Τιβερίου
985 1537 1226 1588 επιστολὰς
1256 1535 1578 1592 θεραπεύσειεν
1611 1530 1743 1577 αυτὸν

80 1606 181 1653 οὔτε
212 1611 285 1652 νῦν
316 1609 534 1664 πράσσειν
563 1626 607 1652 τι
637 1611 725 1650 τιιῖν
755 1608 818 1657 εἰς
844 1603 972 1663 χάριν
1001 1606 1078 1662 τὴν
1110 1605 1273 1648 ἐκείνου
1303 1604 1468 1659 κερδιῦν
1498 1602 1670 1645 οἰκείων
1698 1601 1744 1645 ἕν

79 1692 173 1721 τισι
212 1677 389 1734 λήψεσι.
448 1676 616 1732 μεγάλα
655 1676 702 1718 δὲ
742 1673 855 1718 εἶναι
893 1674 948 1717 τὰ
986 1673 1360 1730 προδεδωρημένα
1390 1672 1463 1714 καὶ
1494 1672 1743 1725 περαιτέρω
1774 1672 1856 1712 295

80 1746 159 1789 τοῦ
188 1744 354 1800 θράσει
380 1747 605 1801 χρωμένου
635 1745 724 1786 τῶν
755 1742 971 1786 ἐλπίδων·
1009 1744 1083 1785 καὶ
1120 1740 1202 1797 γὰρ
1243 1739 1281 1782 εἰ
1310 1741 1387 1795 τῆς
1418 1740 1498 1795 σῆς
1533 1736 1744 1780 ἐλάττονα

80 1815 254 1869 γέγονεν
285 1811 521 1866 δυνάμεως,
552 1813 629 1867 τῆς
658 1827 683 1866 γ
737 1809 842 1865 ἐμοῦ
872 1811 950 1853 τοῦ
971 1808 1207 1866 εἰληφότος
1229 1807 1430 1886 διανοίας
1450 1822 1497 1848 τε
1516 1806 1588 1848 καὶ
1611 1800 1746 1855 ἀξιώ-

83 1894 195 1931 σεως
224 1879 416 1935 μείζονα.
422 1882 447 1900 “
505 1880 577 1922 καὶ
608 1895 631 1921 ο
666 1877 801 1928 Γάιος
833 1876 1064 1932 ἐκπλαγεὶς
1092 1874 1170 1932 τὴν
1193 1871 1350 1931 ἀρετὴν
1373 1870 1506 1916 αυτοῦ
1527 1871 1746 1921 πλειόνως
1777 1875 1857 1915 296

195 2012 425 2049 AMWELat
434 2013 596 2048 Zonaras
619 2012 637 2046 I
661 2023 697 2057 p.
718 2014 784 2047 498
810 2011 890 2046 Exc
913 2010 1069 2045 Peiresc.

200 2074 214 2105 1
242 2067 264 2115 ἢ
288 2080 356 2104 om.
374 2068 543 2104 MWExc
639 2069 804 2112 Καίσαρι
828 2067 981 2102 Hudson
1071 2063 1344 2111 ἐκφροντίσασ,
1367 2064 1392 2098 i.
1411 2073 1520 2107 marg.
1538 2074 1586 2108 γρ
1609 2059 1750 2106 ἐκφορ-

87 2126 202 2162 τίσασ
224 2126 258 2160 A
281 2123 531 2171 ἐκφροντίσαι
555 2124 725 2160 MWExc
749 2123 989 2170 ἐκφροντίσει
1013 2122 1069 2157 ed.
1094 2132 1150 2166 pr.
1267 2123 1286 2155 2
1305 2117 1371 2165 τὴν
1395 2130 1462 2155 om.
1488 2118 1521 2153 Ε
1615 2119 1633 2151 3
1659 2119 1748 2158 τῶν]

87 2183 131 2227 τῆ
154 2182 233 2217 τῶν
256 2180 288 2215 Ε
355 2184 520 2227 χρῆσθαι
543 2180 666 2216 MWE
676 2180 755 2215 Exc
826 2182 845 2214 6
870 2176 1098 2226 ἱλαρότερον
1121 2177 1209 2213 MW
1233 2180 1270 2213 et
1293 2187 1338 2212 ex
1363 2186 1456 2211 corr.
1481 2175 1515 2209 A
1589 2177 1606 2207 ἰ’
1633 2175 1750 2209 *συνι-

87 2239 166 2273 δεῖν
188 2235 228 2269 Μ
251 2239 418 2283 συνηδεῖν
441 2237 490 2272 W
580 2233 628 2274 τὰ
654 2247 720 2272 om.
746 2236 779 2271 E
872 2238 890 2271 8
915 2233 1207 2280 ὑποδειχθεῖσαν
1230 2233 1263 2268 Ε
1358 2235 1396 2266 10
1421 2226 1525 2277 *γὰρ
1549 2240 1617 2265 om.
1642 2229 1683 2264 M

87 2289 274 2339 ἡττᾶσθαι
298 2292 332 2327 Ε
426 2295 463 2328 11
490 2287 737 2339 *ἅναλαβεῑν,
761 2296 782 2328 λ
805 2293 828 2329 i.
852 2303 923 2328 ras.
947 2291 1096 2334 maiore,
1123 2294 1150 2337 β
1173 2301 1219 2325 ex
1241 2303 1269 2334 μ
1293 2299 1385 2324 corr.
1410 2289 1443 2331 A
1538 2288 1578 2320 12
1605 2281 1750 2331 ὀλίγον]

87 2349 113 2384 i.
137 2359 248 2391 marg.
275 2363 306 2385 ω
331 2349 378 2390 (h.
403 2358 436 2383 e.
463 2344 616 2395 ὀλίγων)
639 2350 672 2384 Α
695 2351 757 2384 καὶ
782 2349 890 2394 λίγον
915 2348 993 2383 Exc
1110 2349 1150 2382 13
1176 2343 1235 2387 τὸ]
1260 2342 1305 2382 τὸ
1331 2345 1371 2381 δὲ
1393 2343 1547 2378 Hudson
1661 2343 1751 2382 πᾶν]

89 2407 168 2442 πᾶν
191 2399 258 2442 οὖν
283 2404 427 2449 Cocceji
529 2406 746 2451 προσθείην
769 2405 829 2449 A²,
852 2406 951 2439 recte
974 2404 1006 2439 si
1030 2405 1137 2453 ᾠπερ
1159 2402 1372 2438 restituetur
1482 2402 1523 2434 14
1548 2394 1751 2442 ὁιδιακονη-

87 2473 195 2498 σεται
221 2461 300 2496 Exc
414 2473 455 2497 τε
479 2471 546 2496 om.
573 2461 652 2496 Exc
766 2463 812 2506 τῇ
835 2458 906 2506 ἐμῇ
929 2470 998 2496 om
1023 2459 1193 2495 MWExc
1293 2461 1335 2493 15
1359 2458 1429 2503 γῆν
1453 2476 1495 2480 -
1524 2457 1564 2490 16
1587 2452 1752 2496 πόλεων]

87 2517 189 2562 quod
210 2520 331 2563 posset
355 2517 499 2562 aliquos
523 2517 661 2552 reditus
683 2515 754 2552 sibi
775 2515 870 2551 dono
894 2515 979 2551 dari
999 2515 1060 2550 uel
1081 2515 1249 2550 ciuitates
1271 2517 1442 2559 expetere
1464 2512 1535 2547 Lat
1625 2513 1696 2558 γῆν
1711 2522 1752 2546 τε

89 2569 244 2618 πολλὴν]
269 2570 336 2620 τήν
360 2587 402 2610 τε
427 2571 539 2609 πόλιν
555 2573 725 2608 MWExc
748 2566 815 2618 τήν
838 2584 880 2608 τε
903 2568 1048 2618 πολλὴν
1071 2571 1104 2606 Ε
1196 2572 1261 2617 τῆς
1285 2566 1492 2616 προσόδου]
1516 2569 1586 2613 τῆσ
1609 2562 1753 2612 προσό-

91 2641 163 2674 ρου
186 2629 218 2663 Ε
241 2628 323 2664 fort.
340 2632 450 2674 recte,
475 2640 544 2665 om.
561 2630 616 2664 ed.
634 2639 689 2674 pr.
772 2624 1004 2673 αἰτήσεσθαι]
1028 2627 1180 2662 Hudson
1205 2623 1432 2672 αἰτήσασθαι
1456 2624 1561 2659 codd.
1586 2622 1708 2658 EExc

93 2687 134 2719 17
152 2685 303 2731 αἰτῆσαι
316 2687 350 2721 Α
365 2683 479 2733 ἤτησε
494 2684 663 2720 MWExe
725 2683 1082 2730 παρεσκευασμένος
1098 2682 1257 2718 Dindorf
1321 2680 1522 2727 ἐφανέρου]
1540 2678 1756 2725 ἐκφανεροῦ

91 2741 172 2778 Exc
243 2745 284 2777 18
311 2737 432 2785 ὀξέωσ
454 2741 543 2777 MW
611 2737 717 2785 μήτε]
741 2737 790 2786 μὴ
815 2739 986 2775 MWExc
1009 2739 1099 2786 μηδὲ
1115 2738 1148 2773 Ε
1167 2735 1253 2774 οὔτε
1270 2739 1326 2772 ed.
1343 2747 1399 2781 pr.
1474 2738 1514 2770 19
1537 2731 1753 2777 ἐπιστολὰς]

90 2794 254 2835 ἐντολὰσ
277 2798 400 2834 MWE
410 2799 489 2834 Exc
513 2801 550 2834 et
574 2800 596 2832 i.
623 2808 734 2842 marg.
761 2797 795 2831 A
886 2798 928 2830 20
953 2792 1034 2837 *ε’ν]
1058 2793 1120 2831 ἐπί
1144 2794 1238 2830 coni.
1347 2795 1385 2827 21
1414 2790 1754 2839 προσδεδωρημένα

92 2853 127 2890 Ε
195 2857 238 2890 22
262 2858 344 2897 τοῦ]
369 2855 448 2890 Exc
471 2856 527 2891 τῶ
543 2854 646 2890 codd.
716 2849 875 2898 θραύσει
892 2851 971 2886 Exc
1037 2850 1230 2898 χρομένου
1251 2849 1330 2884 Exc
1397 2846 1605 2885 ἐλάττοννα
1630 2847 1710 2882 Exc

93 2911 136 2946 23
158 2910 317 2957 γέγονεν
340 2921 409 2946 om.
433 2910 522 2946 MW
629 2909 672 2956 γέ
694 2922 769 2954 μου
792 2908 898 2944 A¹W
1005 2909 1049 2942 24
1073 2902 1250 2954 *ἅρετὴν]
1276 2902 1446 2942 διάνοιαν
1470 2903 1557 2938 MW
1567 2904 1646 2938 Exc
1671 2907 1707 2938 et
1730 2903 1743 2937 i

93 2975 204 3010 marg.
229 2967 263 3001 A
286 2967 542 3002 continentiam
565 2966 636 3002 Lat

166 3027 304 3062 Iosephus
322 3028 369 3056 IV.
1445 3020 1484 3051 13
