2074 3392
156 349 235 389 112

157 620 236 661 113

157 892 238 932 114

157 1163 237 1202 115
278 1156 290 1171 ⁶

159 1433 238 1472 116

159 1705 237 1744 117

268 165 321 204 90
731 166 895 210 ANTIQ.
920 166 1020 202 IUD.
1044 166 1151 203 XVII
1177 170 1353 203 111-117
1378 169 1423 210 (V.
1440 170 1471 211 5)

269 294 340 322 σιν
368 278 603 331 καθιστάς,
636 275 696 329 ῶς
715 281 788 322 καὶ
811 279 1032 337 συνθήκην
1054 279 1169 336 πρὸς
1190 277 1348 332 αὐτοὺς
1367 280 1479 324 κατὰ
1499 283 1578 323 τοῦ
1606 281 1778 337 πατρὸς
1798 299 1934 341 ποιη-

267 346 456 401 σάμενος
487 345 707 391 ἐπανείλω
743 356 1018 405 κατηγορεῖν,
1056 348 1324 403 βουλόμενος
1363 350 1434 392 σοὶ
1471 347 1549 404 τὴν
1587 347 1828 428 ἐπιβουλὴν
1857 352 1934 408 τῆς

268 418 592 469 πατροκτονίας
636 416 952 471 κερδαίνεσθαι
989 415 1241 470 καταμόνας
1278 418 1351 460 καὶ
1389 417 1510 460 δυοῖν
1550 412 1736 472 ἆγώνοιν
1775 412 1934 474 εὖφρο-

268 481 400 539 σύνην
428 483 732 538 καρπούμενος
762 483 931 538 τρόπου
961 485 1039 525 τοῦ
1077 486 1157 526 σοῦ
1196 479 1344 538 ἆξίαν,
1384 486 1578 541 φανεροῦ
1607 484 1686 539 μὲν
1716 486 1794 527 τοῦ
1822 484 1934 528 κατὰ

267 551 356 592 τῶν
388 545 606 607 ἀδελφῶν,
640 554 674 607 ῴ
707 552 779 593 καὶ
812 546 1001 607 ἠγάλλου
1033 547 1093 601 ῶς
1125 549 1201 594 ἐπὶ
1230 561 1324 602 τοῖς
1354 556 1590 607 μεγίστοις,
1621 553 1694 594 καὶ
1728 542 1778 609 ἧν
1809 549 1934 603 αξιον

269 611 408 668 ου’τως
438 627 631 675 φρονεῖν,
664 617 703 661 εἰ
735 618 781 661 δὲ
811 618 921 676 μήγε
952 617 1004 661 σὺ
1031 622 1189 674 χείρων
1218 634 1289 675 ης,
1319 622 1515 674 κρυπτοῦ
1545 619 1605 672 δέ,
1637 618 1686 662 ὃν
1716 619 1828 663 κατὰ
1857 622 1936 664 τοῦ

266 683 439 741 πατρὸς
481 688 710 736 συντιθεὶς
749 685 939 736 ἐκείνοις
975 685 1055 740 μὲν
1093 681 1169 739 οὐχ
1199 683 1260 737 ῶς
1297 689 1360 728 τῶ
1396 689 1534 742 πατρὶ
1576 687 1936 743 ἐπιβεβουλευκό·

266 768 345 803 τας
375 754 539 807 μισῶν,
580 749 629 796 οὖ
659 753 741 809 γὰρ
774 747 826 796 ὃν
858 752 1089 804 ἐξώκειλας
1121 749 1270 804 αὐτοῖς
1299 753 1375 796 ἐπὶ
1406 754 1568 810 πρᾶξιν
1598 756 1935 813 παραπλησίαν,

269 815 368 862 ἀλλ’
405 817 465 870 ῶς
497 820 729 874 διαδόχους
759 823 836 877 τῆς
870 818 1106 878 ἡγεμονίας
1146 836 1224 864 σου
1264 820 1536 877 δικαιότερον
1575 816 1627 865 ἂν
1664 825 1935 878 γενομένους,

268 887 345 930 τὸν
377 887 424 930 δὲ
454 891 628 944 πατέρα
659 887 923 946 ἐπισφάζειν
954 898 1048 939 τοῖς
1080 883 1309 945 ἀδελφοῖς,
1349 889 1423 932 ἵνα
1459 893 1634 934 θᾶσσον
1666 887 1727 940 ῶς
1764 889 1940 934 ἐκείνων

267 971 315 998 τε
360 955 745 1011 ἐπικαταψεύσαιο
786 955 845 1014 μη
891 955 1101 1014 ἐλεγχθῇς
1140 958 1212 999 καὶ
1253 952 1314 998 ῶν
1354 953 1487 1008 αὐτὸς
1524 958 1647 1009 δίκας
1691 967 1938 1015 παρασχεῖν

269 1020 392 1074 ἄξιος
429 1027 574 1080 γένοιο
605 1023 767 1082 ταύτην
798 1023 923 1081 παρὰ
953 1027 1031 1067 τοῦ
1064 1024 1299 1078 δυστυχοῦς
1330 1024 1594 1079 εἰσπράξαιο
1625 1025 1808 1081 πατρός,
1840 1025 1938 1070 ἐπι-

268 1093 382 1134 νοῶν
412 1096 737 1148 πατροκτονίαν
778 1088 826 1135 οὗ
865 1092 1035 1148 κοινήν,
1074 1088 1175 1135 ἄλλ)
1212 1092 1309 1135 οἵαν
1339 1096 1465 1147 μέχρι
1496 1094 1569 1135 νῦν
1601 1089 1676 1147 οὐχ
1707 1090 1938 1152 ἱστόρησεν

268 1177 290 1202 0
322 1163 434 1214 βίος.
496 1156 571 1213 οὐχ
604 1159 697 1210 υἱὸς
727 1159 810 1216 γὰρ
841 1160 976 1214 μόνον
1006 1162 1145 1215 πατρὶ
1168 1159 1468 1215 ἐπεβούλευες,
1499 1156 1612 1203 ἀλλὰ
1638 1162 1711 1204 καὶ
1733 1162 1939 1219 φιλοῦντι

267 1229 341 1270 καὶ
374 1223 691 1285 εὐεργετηκότι,
731 1227 942 1278 κοινωνὸς
980 1230 1057 1284 τῆς
1085 1229 1318 1282 βασιλείας
1348 1222 1409 1271 ὢν
1438 1237 1534 1279 τοῖς
1563 1228 1706 1284 ἔργοις
1740 1231 1815 1273 καὶ
1845 1229 1943 1273 διά-

269 1295 396 1348 δοχος
425 1296 712 1352 προφανθεὶς
741 1297 815 1338 καὶ
844 1294 923 1352 τὴν
953 1295 1032 1350 μὲν
1065 1293 1220 1354 ἡδονὴν
1251 1298 1326 1354 τῆς
1358 1295 1558 1347 ἐξουσίας
1577 1293 1657 1353 ἤδη
1681 1296 1941 1351 προλαμβά-

269 1379 358 1406 νειν
387 1363 446 1418 μὴ
481 1362 865 1416 ἐπικεκωλυμένος,
899 1362 1061 1406 ἐλπίδα
1083 1364 1129 1407 δὲ
1150 1362 1230 1420 τὴν
1251 1363 1458 1415 εἰσαῦθις
1483 1364 1631 1421 γνώμῃ
1662 1366 1740 1407 τοῦ
1770 1363 1942 1421 πατρὸς

269 1432 343 1473 καὶ
373 1429 627 1486 γράμμασιν
659 1430 1094 1488 προησφαλισμένος.
1157 1428 1256 1474 ἀλλ’
1293 1428 1369 1475 οῦκ
1400 1429 1486 1487 ἔῖρα
1514 1435 1568 1490 τῇ
1590 1428 1786 1488 Ἡρώδου
1809 1428 1943 1490 ἆρετῇ

268 1497 323 1541 τὰ
354 1497 616 1555 πράγματα,
657 1498 806 1555 γνώμῃ
840 1498 887 1540 δὲ
916 1499 990 1541 καὶ
1021 1504 1215 1557 πονηρίᾳ
1247 1499 1411 1556 ἔκρινες
1446 1503 1499 1557 τῇ
1539 1503 1744 1553 σεαυτοῦ,
1785 1500 1942 1556 βουλό-

267 1582 398 1620 μενος
429 1568 508 1609 τοῦ
538 1566 719 1608 πάντων
762 1581 834 1609 σοι
872 1563 1207 1618 ὗπακοόσαντος
1242 1567 1414 1624 πατρὸς
1453 1570 1525 1611 καὶ.
1562 1567 1611 1611 τὸ
1644 1571 1776 1623 μέρος
1807 1564 1944 1627 ἀφαι-

269 1637 453 1690 ρεῖσθαι
483 1636 555 1677 καὶ
588 1633 638 1676 ὃν
667 1636 948 1689 προσεποιοῦ
976 1643 1071 1685 τοῖς
1101 1635 1249 1691 λόγοις
1280 1636 1434 1688 σώζειν
1474 1645 1568 1687 τοῖς
1608 1636 1752 1692 ἔργοις
1785 1639 1941 1681 τοῦτον

271 1697 490 1760 ἀφανίσαι
523 1703 673 1760 ζητῶν,
704 1703 775 1745 καὶ
807 1701 865 1759 μὴ
897 1702 1034 1756 μόνον
1071 1698 1202 1754 αῦτὸς
1232 1703 1427 1761 πονηρὸς
1455 1704 1798 1758 καθιστάμενος,
1829 1700 1942 1748 ἀλλὰ

268 1771 341 1813 καὶ
371 1769 451 1827 τὴν
480 1774 649 1828 μητέρα
680 1766 740 1813 ῶν
773 1769 972 1820 ἐπενόεις
998 1770 1207 1825 πιμπλὰς
1236 1774 1310 1815 καὶ
1340 1774 1646 1816 στασιοποιῶν
1666 1771 1745 1829 τὴν
1767 1769 1942 1816 εὔνοιαν

268 1847 363 1888 τοῖς
404 1834 617 1896 ἀδελφοῖς
659 1841 729 1882 καὶ
761 1839 936 1892 τολμῶν
965 1842 1128 1896 θηρίον
1161 1835 1402 1883 ἀποκαλεῖν
1432 1838 1508 1883 τὸν
1539 1843 1732 1896 πατέρα,
1772 1839 1943 1892 παντὸς

270 1905 456 1961 ἑρπετοῦ
484 1908 799 1960 χαλεπωτέραν
830 1904 905 1961 τὴν
935 1906 1136 1950 διάνοιαν
1168 1910 1579 1961 κατεσκευασμένος,
1609 1903 1637 1964 ,ἦ
1666 1905 1744 1950 τὸν
1765 1906 1942 1951 ἐκείνων

271 1972 340 2017 ἰὸν
380 1973 456 2017 ἐπὶ
494 1973 598 2025 τοὺς
644 1974 1008 2030 συγγενεστάτους
1054 1976 1124 2018 καὶ
1170 1974 1272 2026 τοῦς
1317 1974 1394 2018 ἐπὶ
1438 1974 1669 2026 τοσούτοις
1714 1971 1942 2031 εὐεργέτας

376 2101 396 2141 §
425 2102 483 2134 111
515 2117 558 2128 =
583 2099 665 2134 bell.
692 2099 770 2134 Iud.
796 2099 814 2134 I
839 2102 915 2134 637.

384 2213 561 2248 PAMLat

386 2272 405 2303 2
430 2268 625 2306 ἐπανείπω
650 2269 678 2304 Ρ
704 2267 906 2306 ἐπανείλου
923 2269 1084 2305 Dindorf
1196 2268 1383 2306 §mn-'alm
1409 2271 1649 2316 κεετιῃορεῐι]
1674 2268 1942 2304 accusationem

270 2326 344 2361 illis
365 2337 598 2373 praeparans
623 2326 694 2361 Lat
831 2328 849 2360 3
875 2325 1118 2372 κερδένεσθαι
1145 2326 1172 2360 Ρ
1312 2330 1332 2361 6
1358 2326 1392 2363 εἰ
1413 2347 1456 2352 —
1483 2321 1535 2373 ἧς]
1567 2326 1600 2360 si
1625 2330 1663 2360 tu
1687 2335 1760 2360 non
1783 2324 1944 2360 deterior
1996 2359 2002 2364 ,
2028 2358 2034 2365 ,

269 2383 454 2418 extitisses
478 2383 550 2418 Lat
651 2383 701 2424 δὲ]
727 2393 818 2418 eras.
843 2384 877 2418 A
902 2393 968 2418 om.
986 2383 1025 2417 M
1050 2380 1091 2428 δὴ
1116 2383 1209 2418 coni.
1308 2397 1389 2430 κρι
1383 2386 1478 2419 πτοῦ
1506 2403 1546 2408 -
1573 2386 1590 2417 ἰ·
1616 2380 1796 2424 ἐκείνους]
1820 2380 1886 2416 sed
1910 2385 1944 2417 te

271 2438 413 2474 occulto
431 2438 642 2475 adversario
659 2439 784 2486 patris
800 2444 948 2474 extante
966 2439 1088 2481 claret,
1115 2440 1202 2485 quia
1219 2439 1302 2473 illos
1319 2443 1405 2478 (non
1423 2460 1464 2465 —
1482 2439 1639 2475 habebas
1655 2439 1802 2480 exosos)
1826 2436 1898 2473 Lat

269 2498 439 2541 κρυπτοῦ
464 2495 512 2537 δέ,
538 2491 594 2538 ὃν]
611 2492 784 2543 κρυπτὸν
799 2492 915 2532 δόλον
932 2496 983 2540 M,
1006 2496 1031 2530 i.
1053 2506 1164 2541 marg.
1182 2509 1230 2543 γρ
1246 2492 1417 2542 κρυπτὸν
1441 2490 1556 2532 δόλον
1579 2491 1676 2531 κατὰ
1695 2496 1764 2531 τοῦ
1789 2489 1943 2540 πατρὸσ

270 2553 464 2588 συντιθείσ
488 2552 521 2585 Α
615 2556 632 2587 ἵ
659 2553 868 2594 συνετίθεις
892 2552 948 2588 ed.
970 2563 1024 2597 pr.
1120 2555 1138 2588 8
1164 2555 1247 2597 post
1270 2555 1393 2596 μισῶν
1409 2552 1503 2588 adde
1527 2548 1696 2598 φανερὸς
1717 2544 1761 2597 ἧς
1785 2549 1842 2586 uel
1860 2550 1939 2586 sim.

385 2605 567 2651 ἐξώκιλασ
585 2609 612 2644 Ρ
638 2606 906 2652 συνεξώκειλας
927 2608 1080 2644 Hudson
1178 2612 1216 2643 10
1241 2605 1474 2655 ἐπισφάζειν]
1499 2608 1716 2653 extinquere
1738 2605 1944 2651 festinabas

272 2665 343 2701 Lat
366 2663 588 2712 ἐπισφάξων
612 2666 759 2702 Bekker
851 2662 1010 2702 &Zao-ww
1034 2664 1062 2699 Ρ
1156 2661 1218 2707 ὡς]
1245 2659 1299 2701 ὦν
1322 2668 1357 2706 (ν
1380 2665 1404 2700 i.
1429 2675 1514 2707 ται,
1538 2666 1728 2699 accentum
1752 2663 1871 2708 suppl.
1894 2664 1942 2706 A)

773 2723 792 2745 Ο

273 2744 346 2779 AM
422 2749 454 2779 11
477 2744 791 2791 ἐπικαταψευσαι,
816 2761 826 2781 ι
845 2748 881 2780 et
899 2760 922 2781 α
939 2748 1037 2785 (ante
1056 2749 1098 2792 ψ)
1114 2745 1138 2779 i.
1156 2755 1228 2780 ras.
1248 2746 1280 2780 A
1304 2743 1597 2789 ἐπικατέψευσαι
1625 2739 1647 2779 ὃ
1672 2741 1701 2776 Ρ
1778 2739 1942 2788 ἐλεχθῆσ

273 2823 300 2857 P
326 2822 488 2871 ἐλεχθῆσ
514 2825 551 2858 Μ
646 2821 689 2872 ἢν
715 2820 830 2867 αὐτὸς
855 2825 956 2871 δίκην
981 2824 1128 2860 Bekker
1222 2827 1261 2860 13
1288 2819 1559 2869 οὖκϊστόρησεν
1584 2821 1611 2856 Ρ
1705 2824 1747 2856 20
1772 2819 1941 2864 πάντων]

274 2880 422 2917 παντόσ
447 2881 474 2916 Ρ
614 2878 915 2923 ὑπακούσαντος]
941 2882 972 2915 Α
997 2883 1034 2916 et
1057 2881 1080 2915 i.
1107 2891 1218 2925 marg.
1245 2880 1284 2915 M
1308 2876 1600 2916 {naxos-uorsus
1626 2877 1653 2912 Ρ
1679 2874 1943 2917 ἱπεκστάντοσ

275 2937 311 2972 M
337 2948 356 2972 e
398 2937 422 2971 i.
447 2948 558 2982 marg.
585 2940 615 2972 A
