2051 3397
68 624 89 658 δ

49 960 87 995 1⁰

579 229 741 273 ANTlQ.
767 228 862 264 IUD.
889 227 992 264 XVII
1018 232 1149 265 51-57
1174 232 1234 271 (ιιι.
1254 235 1277 261 ι.
1294 233 1326 271 2)
1731 231 1781 270 79

122 346 322 400 σόμενον.
382 345 424 388 οἱ
456 340 497 387 δ’
525 340 780 399 ὡμολόγουν
809 345 901 396 μέν,
934 342 1150 399 συνῄεσαν
1181 343 1229 386 δὲ
1258 339 1285 399 ᾗ
1307 341 1460 394 καιρὸς
1490 346 1561 387 καὶ
1595 344 1843 388 συνεκώ-ῦῙ

120 414 258 468 μαζον
299 412 508 468 Φερώρας
544 412 615 454 καὶ
653 407 960 466 Ἀντίπατρος.
1031 411 1191 468 ἐφοίτα
1236 411 1282 453 ὸὲ
1328 410 1456 466 λόγος
1495 409 1665 465 ὁμιλεῖν
1709 416 1781 456 καὶ

116 476 398 536 Ἀντιπάτρῳ
435 479 514 536 τὴν
554 478 765 534 Φερώρου
803 489 985 535 γυναῖκα
1024 478 1400 535 συμπρασσούσης
1440 477 1589 530 αι’-τοῖς
1628 480 1683 522 τὰ
1720 480 1783 531 εἷς

121 548 199 607 τὴν
231 548 413 591 σύνοδον
441 550 518 605 τῆς
542 542 840 602 Ἀντιπάτρου
871 546 1048 604 μητρός.

232 620 271 659 2.
325 614 626 673 Ὑφορώμενος
665 615 711 657 δὲ
749 614 826 657 τὸν
866 618 1038 669 πατέρα
1076 616 1146 656 καὶ
1187 613 1363 665 δεδιώς,
1409 613 1467 670 μη
1515 613 1578 664 εἰς
1622 616 1778 658 πλεῖον
1797 618 1849 656 52

119 686 369 740 προχωροίη
409 682 464 725 τὰ
504 685 582 725 τοῦ
612 686 770 736 μίσους
801 678 875 724 ἐπ’
913 678 1052 738 αὐτῷ,
1091 678 1253 739 γράφει
1290 680 1404 736 πρὸς
1441 681 1543 732 τοὺς
1574 681 1618 724 ἐν
1644 679 1780 740 Ῥώμῃ

117 752 275 807 φίλους
304 750 488 793 κελεύων
520 749 796 793 ἐπιστέλλειν
822 746 993 806 Ἡρώδῃ
1034 752 1230 803 πέμπειν
1270 745 1297 805 ᾗ
1329 745 1460 802 τάχος
1485 746 1781 805 Ἀντίπατρον

116 815 177 870 (ὃς
214 822 434 874 Καίσαρα.
495 814 545 860 οὗ
583 821 816 874 γενομένου
858 817 1056 871 ἔπεμπεν
1091 815 1288 874 ίΗρώὸης
1322 813 1620 873 Ἀντίπατρον
1662 818 1782 873 δῶρα
1797 821 1849 860 53

116 889 392 941 συμπέμψας
422 881 752 941 ἀξιολογώτατα
782 887 852 927 καὶ
887 881 1117 942 διαθήκην,
1149 884 1194 927 ἐν
1224 880 1250 942 ᾗ
1281 880 1378 936 μετ’
1415 880 1548 928 αὐτὸν
1564 880 1781 928 Ἀντίπα-

119 970 222 1010 τρον
255 949 513 996 απεὸείκιιε
550 954 758 1008 βασιλέα,
800 946 825 1008 ἢ
865 952 1069 1009 φθάντος
1106 954 1363 1009 τελευτῆσαι
1397 950 1596 1009 Ἡρώδην
1629 952 1707 996 τὸν
1738 953 1783 996 ἐκ

115 1026 191 1080 τῆς
220 1023 296 1064 τοῦ
329 1017 562 1076 ἀρχιερέως
584 1019 807 1077 θιγατρὸς
827 1019 923 1063 ιὶὸν
955 1016 1074 1076 αὐτῷ
1103 1024 1396 1078 γεγενημένον.
1458 1021 1702 1078 συνεξορμᾷ
1734 1017 1776 1063 ὁ)
1796 1026 1847 1064 54

110 1084 394 1145 Ἀντιπάτρῳ
425 1106 494 1131 και
518 1085 774 1138 Σύλλαιοςι
754 1106 776 1131 ο
802 1084 956 1142 ’Ἀραψ
985 1088 1120 1145 μηδὲν
1141 1105 1199 1130 ων
1221 1088 1466 1144 προσέταξε
1488 1093 1664 1144 Καῖσαρ
1687 1090 1782 1132 δια-

116 1160 438 1212 πεπραγμένος
470 1158 540 1198 καὶ
568 1153 863 1212 Ἀντίπατρος
894 1152 1026 1199 αὑτοῦ
1056 1165 1286 1213 κατηγορεῖ
1318 1155 1394 1199 ἐπὶ
1416 1161 1645 1212 Καίσαρος
1676 1159 1780 1212 περὶ

116 1219 176 1267 ὧν
207 1224 423 1280 πρότερον
455 1223 688 1274 Νικόλαος.
747 1232 1028 1280 κατηγορεῖτο
1066 1223 1112 1266 δὲ
1142 1226 1215 1267 καὶ
1245 1222 1332 1266 ὑπὸ
1361 1220 1522 1281 )Αρέτα
1552 1225 1780 1277 Σύλλαιος,

115 1289 174 1343 ὡς
204 1291 397 1342 πολλοὺς
419 1287 672 1342 ἀπεκτονώς
701 1294 789 1334 τιῦν
818 1291 862 1334 ἓν
884 1296 1039 1348 Πέτρᾳ
1071 1287 1312 1347 ἀξιολόγων
1343 1292 1467 1348 παρὰ
1498 1292 1672 1350 γνώμην
1701 1292 1780 1350 τὴν

117 1355 249 1403 αὐτοῦ
288 1362 358 1402 καὶ
397 1360 591 1414 μάλιστα
629 1359 825 1414 Σόαιμον
857 1357 995 1415 άνόρα
1034 1377 1086 1417 τῃ
1128 1376 1172 1411 ες
1206 1359 1355 1403 πάντα
1387 1356 1519 1416 άρετῃ
1555 1362 1781 1414 τιμᾶσθαι

116 1427 416 1478 δικαιότατον,
458 1423 713 1483 ἆιηρηκέναι
756 1428 802 1470 δὲ
842 1430 911 1470 καὶ
957 1423 1167 1482 Φάβατον
1207 1432 1436 1485 Καίσαρος
1476 1428 1645 1471 δοῦλον.
1706 1430 1778 1471 καὶ
1795 1433 1847 1472 55

115 1495 331 1545 Σύλλαιος
363 1494 510 1538 αιτίαν
542 1502 652 1548 εῖχεν
684 1495 728 1538 ἐκ
758 1495 942 1538 τοιῶνδε
972 1494 1273 1552 ἐγκλημάτων·
1306 1495 1531 1550 Κόρινθος
1561 1495 1613 1551 ἦν
1639 1493 1810 1552 Ἡρώ-’

116 1561 194 1604 ὁου
226 1562 554 1619 σωματοφύλαξ
580 1565 657 1605 τοῦ
686 1563 907 1617 βασιλέως
936 1562 1130 1616 μάλιστα
1162 1563 1482 1617 πιστευόμενος
1511 1559 1593 1605 ὑπ’
1630 1559 1778 1606 αυτοῦ.

113 1631 269 1671 τοῦτον
299 1632 456 1672 πείθει
477 1630 692 1680 Σύλλαιος
714 1629 790 1693 ἐπὶ
818 1629 1010 1686 χρήμασι
1039 1630 1247 1685 μεγάλοις
1272 1627 1471 1689 εΗρώὸην
1504 1626 1778 1691 ἀποκτεῖναι,

113 1697 185 1739 καὶ
215 1693 445 1750 ὑπέσχετο.
504 1696 668 1750 μαθών
699 1696 775 1739 οὐν
809 1699 1018 1751 Φάβατος
1047 1699 1266 1741 Συλλαίου
1296 1698 1412 1752 πρὸς
1445 1694 1578 1741 αὐτὸν
1609 1698 1779 1756 εἰρηκό-

112 1780 188 1815 τος
218 1764 435 1822 διηγεῑται
465 1764 579 1819 πρὸς
608 1763 685 1807 τὸν
714 1766 916 1819 βασιλέα.
976 1762 998 1807 ὁ
1033 1765 1079 1807 δὲ
1109 1765 1186 1808 τόν
1218 1782 1264 1808 τε
1293 1766 1522 1821 Κόρινθον
1551 1766 1781 1820 βασανίζει
1794 1773 1847 1812 56

114 1831 342 1887 συλλαβών
372 1834 446 1874 καὶ
477 1832 626 1874 πάντα
658 1828 893 1874 ἀνάπυστα
923 1822 976 1887 ἦν
999 1828 1130 1888 αὐτῷ.
1191 1833 1488 1888 συλλαμβάνει
1520 1833 1567 1876 δὲ
1588 1835 1662 1876 καὶ
1684 1834 1778 1876 δευ-

113 1895 475 1955 τέρουςῖἈραβας
504 1899 816 1955 καταγορεύσει
846 1901 900 1955 τῇ
925 1903 1155 1955 Κορίνθου
1186 1900 1461 1956 πειθόμενος
1490 1899 1568 1944 τὸν
1596 1901 1676 1955 μὲν
1698 1901 1779 1958 φύ-

115 1967 271 2023 λαρχον
292 1964 400 2010 ὄντα
419 1966 496 2010 τὸν
519 1967 565 2010 δὲ
586 1968 804 2010 Συλλαίου
826 1967 970 2024 φίλον.
1014 1969 1057 2010 οἳ
1076 1963 1242 2020 καύτοί,
1263 1968 1493 2023 βασανίζει
1513 1967 1596 2025 γὰρ
1619 1964 1778 2020 αὐτοὺς
1794 1977 1845 2015 57

113 2030 136 2077 ὃ
167 2034 386 2089 βασιλεύς,
418 2032 671 2091 ὡμολόγουν
702 2031 773 2079 ὅτι
802 2044 986 2091 παρεῖεν
1023 2034 1324 2091 ἐξοτρύνοντες
1361 2035 1418 2093 μὴ
1449 2035 1779 2090 μαλακίζεσθαι

229 2169 250 2210 ξ
277 2171 319 2202 52
344 2184 387 2196 =
411 2168 493 2204 bell.
518 2168 596 2203 Iud.
622 2168 638 2202 I
663 2172 738 2204 573.

227 2278 654 2316 PAMWELatZonaras
679 2281 696 2315 1
718 2293 754 2326 p.
780 2284 858 2316 455.
1417 2327 1422 2332 ¹

230 2337 250 2368 2
274 2333 429 2382 *λόγος1
456 2332 476 2372 ὁ
503 2334 622 2383 λόγοσ
646 2338 694 2373 W
772 2341 837 2374 καὶ
863 2334 1006 2382 ὁμιλεῖν
1028 2341 1073 2374 tr.
1099 2339 1143 2383 E,
1168 2339 1252 2375 fort.
1279 2342 1378 2376 recte
1469 2342 1488 2374 3
1517 2337 1779 2388 σὺνπρασσοὺ·

116 2403 186 2437 σησ
208 2391 238 2426 Ρ
308 2395 327 2427 5
351 2393 375 2426 i.
399 2403 521 2436 marg„
544 2392 659 2428 VLat
726 2393 871 2430 *πλέον
894 2395 968 2429 AM
1050 2398 1070 2430 6
1093 2398 1330 2444 προχωροίη]
1355 2397 1514 2432 Dindorf
1535 2404 1779 2444 προχωροῖεν

116 2447 218 2503 codfl.
241 2453 406 2494 χωροῖεν
430 2449 462 2483 Ε
554 2448 634 2490 *gad
657 2447 699 2485 ἐν
723 2452 767 2495 τῆ
790 2450 837 2484 W
929 2453 948 2485 S
973 2447 1054 2494 *ὡς
1071 2473 1112 2477 -
1130 2449 1376 2500 Ἀντίπατρον
1400 2463 1468 2488 om.
1493 2453 1595 2488 PLat
1687 2450 1778 2496 *ὡς]

113 2505 223 2584 πριὲιξ
233 2537 274 2572 Μ
343 2540 363 2572 9
389 2539 659 2583 συνεκπέμιιιασ
680 2539 836 2574 AMWE
909 2544 948 2575 10
972 2539 1185 2579 ἐπεδείκνυε
1202 2543 1234 2578 Ε
1305 2541 1328 2589 ἢ
1352 2542 1525 2590 φθάντος
1549 2547 1777 2590 τελευτῆσαι]

114 2590 343 2639 φθάσαντοσ
367 2594 406 2631 δὲ
429 2598 607 2632 τελευτᾶν
629 2595 785 2630 AMWE
893 2600 932 2632 11
959 2594 1042 2634 υἱὸν
1065 2599 1191 2641 om.‚E
1304 2600 1578 2647 γεγεννημένον
1600 2601 1710 2636 ΑΜΕ

113 2647 362 2696 *συνεξώρμα
377 2650 452 2686 AM
520 2653 558 2689 δὲ
574 2653 657 2688 WE
728 2654 768 2687 12
790 2655 947 2688 συλαῖοσ
971 2652 1004 2687 Ε
1095 2655 1358 2702 *προσέταξεν
1381 2656 1429 2690 W
1525 2660 1563 2691 13
1589 2655 1778 2704 *κατηγό-

115 2718 171 2751 ρει
186 2705 227 2741 Μ
299 2709 339 2740 14
361 2713 628 2753 κατηγορεῖται
645 2707 677 2740 Ε
748 2711 905 2744 συλαῖοσ
921 2709 953 2743 Ε
1033 2713 1072 2744 15
1097 2706 1320 2754 ἀπεκτονὼς
1344 2715 1432 2754 τῶν]
1458 2708 1679 2750 άπέκτεινεν
1695 2714 1776 2749 WE

204 2765 245 2798 16
263 2760 451 2807 Σόαιμον]
477 2761 617 2799 σόνδον
639 2763 775 2798 PALat
799 2762 943 2808 σόεμον
958 2765 1080 2801 MWE
1098 2767 1179 2802 bell.
1197 2768 1276 2802 Iud.
1299 2771 1336 2803 et
1356 2769 1380 2803 i.
1398 2779 1510 2813 marg.
1527 2771 1560 2804 A
1637 2774 1676 2805 17
1701 2773 1778 2807 *δι-

111 2815 328 2856 καιώτατον
349 2819 378 2854 Ρ
448 2819 684 2864 *fabatonem
708 2820 780 2855 Lat
851 2823 890 2856 18
916 2824 1094 2858 συλλαῖοσ
1110 2824 1160 2856 A¹
1184 2827 1342 2860 συλαῖοσ
1357 2825 1391 2859 Ε
1460 2819 1545 2871 *ἧν]
1572 2828 1593 2862 δ
1600 2821 1610 2835 '
1633 2821 1679 2874 ἦν
1701 2827 1731 2862 Ρ

114 2876 156 2909 20
173 2877 330 2912 συλαῑοσ
346 2875 378 2910 Ε
448 2878 486 2910 21
508 2877 665 2912 συλαίου
681 2877 713 2910 Ε
783 2879 824 2910 22
842 2874 912 2912 τόν
929 2890 970 2913 τε
986 2888 1054 2912 om.
1069 2878 1150 2914 WE
1221 2883 1262 2914 23
1282 2876 1496 2917 *άνάπιστα
1510 2881 1558 2916 W
1627 2885 1776 2921 *δευτέ-

116 2933 214 2976 ρους]
230 2931 408 2967 secundos
422 2931 495 2968 Lat
511 2930 575 2969 δύο
594 2933 649 2967 ed.
668 2944 721 2978 pr.
741 2930 804 2969 δύο
824 2931 976 2979 ἑτέρους
991 2945 1036 2969 ex
1051 2935 1134 2970 bell.
1153 2935 1231 2971 Iud.
1249 2936 1402 2972 Hudson
1472 2941 1515 2973 24
1531 2938 1775 2984 πειθόμενος]

114 2985 266 3022 Hudson
280 2988 506 3032 confessioni
520 2989 667 3025 credens
682 2990 755 3026 Lat
771 2987 994 3034 πυθόμενοσ
1007 2992 1111 3027 codd.
1174 2995 1214 3027 25
1230 2995 1386 3030 συλαίου
1398 2994 1432 3029 Ε
1492 2998 1556 3031 καὶ
1573 2992 1681 3033 αὐτοὶ
1694 2997 1776 3032 WE
