2107 3418
830 904 1188 959 PRAEFATIO.

284 1134 348 1176 De
388 1132 624 1186 codicibrm,
666 1132 818 1185 quibus
850 1133 1017 1187 Iosephi
1058 1132 1355 1186 antiquitatum
1388 1131 1651 1174 Iudaicarum
1690 1131 1836 1174 deceni

169 1202 263 1244 libri
296 1202 547 1256 posteriores
579 1214 672 1243 cum
704 1201 790 1242 uita
820 1201 1061 1254 traduntur,
1102 1207 1188 1243 tum
1220 1200 1472 1255 explicatius
1504 1199 1730 1243 dicendum
1762 1206 1837 1252 est,

170 1283 263 1312 cum
286 1271 470 1324 perfecto
494 1269 614 1312 huius
636 1269 833 1311 editionis
856 1269 1069 1312 uolumine
1091 1270 1213 1311 tertio
1236 1269 1277 1310 hi
1300 1269 1397 1311 libri
1420 1269 1521 1311 editi
1544 1274 1663 1312 erunt
1679 1283 1836 1312 omnes.

170 1351 280 1380 nunc
311 1337 450 1392 prodit
481 1338 676 1381 uolumen
708 1343 915 1390 quartum,
948 1350 1030 1390 quo
1063 1338 1326 1379 continentur
1357 1337 1452 1379 libri
1483 1350 1509 1379 a
1530 1340 1652 1380 sexto
1674 1337 1838 1380 decimo

170 1418 304 1458 usque
333 1405 388 1447 ad
420 1405 666 1459 uigesimum
689 1411 730 1448 et
750 1405 920 1460 Iosephi
942 1406 1041 1458 uita,
1074 1405 1225 1459 quibus
1258 1419 1309 1447 ea
1334 1410 1495 1448 tantum
1528 1404 1839 1460 praemittenda

170 1478 278 1527 sunt,
311 1487 419 1528 quae
450 1473 505 1515 ad
537 1474 764 1527 legentium
796 1487 929 1525 usum,
961 1473 1061 1515 dum
1083 1474 1279 1516 uolumen
1303 1473 1471 1516 tertium
1502 1472 1715 1527 perficitur
1745 1486 1836 1527 pre-

171 1542 296 1594 loque
327 1542 544 1594 subicitur,
576 1542 815 1585 necessaria
846 1541 1050 1584 uidentur.

283 1610 462 1653 Codices
493 1610 621 1663 igitur
651 1609 832 1651 adhibiti
862 1614 958 1651 suut
990 1609 1051 1651 hi:

231 1677 268 1717 P
293 1698 348 1711 =
379 1677 513 1720 codex
544 1678 762 1720 Palatinus
794 1677 1078 1719 bibliothecae
1101 1677 1332 1719 Vaticanae
1364 1676 1472 1719 inter
1492 1689 1667 1730 graecos
1689 1684 1759 1719 nm.
1787 1681 1835 1718 14
1896 1720 1899 1723 ,

284 1745 645 1797 membranaceus,
676 1745 717 1786 in
741 1758 822 1799 quo
844 1744 985 1787 insunt
1014 1745 1112 1786 libri
1133 1745 1187 1786 ab
1210 1744 1430 1786 undecimo
1462 1756 1596 1796 usque
1625 1745 1680 1787 ad
1712 1745 1834 1799 septi-

281 1827 395 1855 mum
427 1813 635 1856 decimum
657 1826 751 1855 cum
775 1813 1032 1866 argumentis
1054 1812 1151 1854 libri
1183 1811 1338 1855 decimi
1369 1812 1508 1855 octaui
1539 1818 1579 1854 et
1610 1813 1708 1855 uita.
1768 1813 1836 1856 de-

281 1881 380 1923 sinit
407 1881 479 1923 uit.
500 1881 526 1933 ἓ
548 1883 626 1921 427
656 1882 699 1923 in
730 1894 834 1923 uoce
864 1889 1109 1922 κατωκυῑαν
1132 1886 1185 1934 (p.
1210 1882 1303 1932 32³9,
1327 1880 1384 1932 8).
1437 1879 1685 1922 exciderunt
1714 1881 1840 1935 igitur

282 1949 377 1992 libri
408 1949 563 2001 XVIII,
595 1949 712 2004 XIX,
744 1949 826 1991 XX
859 1954 900 1991 et
930 1949 1044 1991 uitae
1074 1949 1189 2002 finis;
1230 1951 1453 2003 praeterea
1491 1949 1532 1990 in
1573 1949 1662 1990 uita
1691 1949 1836 1991 folium

282 2030 410 2060 unum
439 2031 478 2072 p.
503 2018 597 2070 383,
621 2019 672 2057 20
706 2016 753 2059 δὲ
775 2017 936 2059 πολλοὶ
959 2041 1011 2045 —
1035 2032 1075 2071 p.
1098 2018 1193 2070 353,
1212 2020 1264 2058 30
1290 2010 1422 2057 αὐτοῦ
1443 2013 1520 2071 τὴν
1542 2019 1837 2072 μο(χι“)ηριάν).

283 2086 464 2140 scriptus
495 2091 559 2127 est
589 2086 758 2128 saeculo
788 2086 830 2128 X
860 2091 934 2129 aut
960 2086 1021 2128 IX
1052 2084 1324 2137 omniumque
1355 2088 1419 2127 est
1449 2090 1491 2126 et
1521 2085 1838 2138 antiquissimus

281 2158 324 2196 et
354 2154 548 2208 optimus.

226 2222 265 2261 A
295 2241 349 2255 =
379 2220 514 2264 codex
546 2220 832 2264 bibliothecae
863 2221 1172 2264 Ambrosianae
1201 2220 1236 2261 F
1264 2222 1340 2263 1⁶28
1371 2220 1442 2262 inf.
1465 2221 1636 2264 saeculo
1666 2221 1754 2262 fere
1776 2220 1838 2262 XI

282 2289 460 2343 scriptus
509 2289 868 2332 membranaceus,
944 2289 1129 2332 continet
1180 2288 1326 2332 decem
1371 2288 1668 2341 antiquitatum
1708 2289 1839 2331 libros

283 2356 537 2411 posteriores
576 2370 669 2399 cum
709 2357 796 2400 uita
834 2358 1020 2412 integros
1058 2361 1227 2412 praeter
1271 2358 1396 2398 unu'm
1443 2357 1588 2399 folium
1635 2356 1837 2411 excisum,

282 2425 325 2467 in
357 2437 439 2477 quo
469 2424 633 2466 inerant
662 2425 758 2466 libri
779 2425 879 2467 XVI
912 2425 1100 2478 δωρεαῖς
1132 2424 1190 2480 (p.
1214 2427 1252 2479 7,
1281 2428 1344 2475 14)
1376 2448 1429 2454 —-
1463 2419 1606 2466 ἅπασι
1637 2424 1695 2479 (p.
1718 2427 1755 2477 9,
1779 2424 1836 2479 8).

227 2492 274 2533 Μ
302 2512 360 2525 =
391 2491 524 2534 codex
555 2491 798 2535 Medicaeus
830 2493 1114 2537 bibliothecae
1135 2493 1445 2536 Laurentianae
1467 2494 1570 2548 plut.
1595 2494 1647 2534 69
1670 2494 1761 2536 cod.
1789 2496 1837 2533 10

283 2560 440 2603 saeculi
470 2561 558 2601 fere
587 2560 664 2602 XV
696 2561 955 2604 chartaceus.
1018 2562 1205 2604 continet
1240 2561 1539 2614 antiquitatum
1570 2560 1837 2603 Iudaicarum

283 2628 413 2670 libros
443 2628 527 2670 XX
558 2641 651 2670 cum
682 2627 781 2670 uita.
842 2629 931 2670 dixi
962 2628 1016 2672 de
1037 2643 1086 2673 eo
1109 2630 1232 2672 uol.I
1262 2630 1392 2683 praef.
1417 2642 1453 2683 p.
1478 2629 1598 2670 XVII
1630 2629 1836 2682 pluraque

282 2695 420 2737 dicam
450 2695 493 2737 in
523 2696 786 2749 praefatione
817 2697 900 2738 uol.
930 2696 1005 2740 III.

239 2761 291 2802 W
314 2782 369 2796 =
401 2763 536 2806 codex
560 2764 788 2806 Vaticanus
809 2777 868 2817 gr.
892 2771 964 2806 n10.
988 2767 1070 2806 984
1093 2765 1440 2807 membranaceus
1470 2764 1696 2818 rescriptas
1726 2777 1837 2807 anno

283 2844 323 2885 p.
347 2831 444 2874 Chr.
467 2845 507 2873 n.
534 2834 662 2885 13543
694 2831 879 2874 continet
908 2832 1206 2885 antiquitatum
1238 2832 1368 2874 libros
1399 2832 1603 2873 XI-XX
1635 2836 1676 2874 et
1706 2831 1836 2874 uitam

285 2899 527 2942 coniunctos
569 2912 663 2941 cum
704 2899 891 2953 epitoma
928 2900 1129 2942 librorum
1161 2900 1279 2941 I—X
1318 2904 1359 2942 et
1396 2900 1508 2941 bello
1542 2898 1724 2942 Iudaico.
1786 2904 1836 2941 ct'.

287 2968 367 3009 uol.
401 2967 419 3007 l
450 2968 583 3021 praef.
615 2981 655 3022 p.
688 2967 792 3009 XXI
824 2975 865 3010 et
895 2980 1004 3020 quae
1035 2972 1132 3010 ante
1161 2968 1244 3010 uol.
1277 2968 1337 3009 111
1369 2967 1549 3010 dicenda
1580 2973 1686 3010 sunt.
